2684 4740
240 311 1093 417 aucfflnrn'rMANETlsDISPUTATw.
1129 312 1191 398 185

139 494 207 549 tut
215 505 228 562 ;
248 503 324 547 cum
340 482 438 548 etiam
452 483 486 548 in
500 485 607 563 nobis,
622 487 678 571 qui
693 489 815 551 factura
830 508 953 563 sumus,
968 485 1011 549 sit
1024 483 1132 570 aliqua
1145 482 1195 547 vel

141 611 255 678 parva
268 591 412 672 scientia,
427 592 513 657 inest
523 594 689 680 ettaliquid
705 594 894 681 prudentia,
906 605 940 658 et
954 590 1196 656 existimationis

142 720 391 785 nonnunquam
412 701 531 763 certa?
565 701 612 764 Et
627 701 794 786 quomodo
817 700 960 787 ingenito
981 721 1021 763 ne
1041 699 1197 784 exiguum

143 806 292 905 quidem
306 806 513 893 providentiae
528 808 626 872 fuisse
641 809 811 886 credimus,
824 830 928 896 neque
943 806 1199 887 existimationis,

144 935 214 998 aut
231 922 413 987 intellectus
425 948 436 1002 3
458 922 515 986 sed
529 919 737 988 brutissimus
746 946 852 1003 sensu,
867 935 900 987 et
914 921 1111 987 obtusissimi
1125 942 1197 985 cor-

144 1030 219 1109 dis,
241 1043 277 1094 et
298 1032 565 1116 natutae-pecoris
587 1032 755 1110 invenitur,
777 1032 952 1097 secundum
977 1030 1197 1110 assertionem,

146 1137 320 1217 videlicet,
339 1150 441 1203 tuam.
485 1141 584 1228 Quod
608 1141 634 1204 si
657 1141 702 1204 ita
725 1153 794 1220 est3
822 1139 989 1227 quomodo
1011 1138 1122 1218 bomo,
1143 1139 1205 1226 qui,

150 1249 304 1335 ingenio,
320 1249 563 1335 atquescientis
577 1271 641 1312 non
657 1271 768 1335 parum
786 1250 898 1336 pollet,
913 1252 952 1314 ab
967 1272 1019 1329 eo,
1033 1251 1089 1336 qui
1105 1250 1198 1336 igna-

152 1378 216 1422 rus
237 1341 384 1422 omnium
405 1370 502 1444 atque
523 1357 623 1422 hebes
643 1380 738 1424 sensu
752 1375 812 1439 est,
826 1362 931 1446 potuit
947 1361 1108 1445 accepisse
1123 1359 1200 1424 sub·

156 1468 336 1538 stantiam?
372 1468 549 1555 Quomodo
563 1468 787 1555 hujuscemodi
801 1471 941 1535 auctoris
956 1493 1038 1556 opus
1054 1491 1123 1534 esse
1138 1469 1200 1534 ho·

157 1575 286 1638 minem
307 1573 440 1638 audebit
461 1574 576 1661 aliquis
602 1576 769 1640 confiteri?
805 1577 905 1664 Quod
927 1577 952 1640 si
976 1577 1076 1640 homo
1095 1576 1203 1639 anima

157 1699 224 1766 est,
240 1698 275 1750 et
288 1707 417 1771 corpus,
431 1699 464 1749 et
484 1706 549 1748 non
570 1684 674 1750 solum
694 1707 811 1770 corpus
830 1686 897 1750 sine
915 1686 1032 1763 anima,
1047 1708 1119 1771 quae
1134 1685 1202 1749 sine

154 1813 196 1856 se
212 1791 386 1856 subsistere
401 1814 465 1855 non
481 1804 634 1876 possunt;
657 1813 755 1876 quare
772 1814 810 1856 ea
825 1790 954 1854 inimica
974 1791 1102 1855 sibimet
1116 1790 1203 1856 dices

160 1911 197 1964 et
218 1899 398 1963 contraria?
432 1899 573 1963 Videtur.
592 1898 676 1961 enim
702 1898 780 1962 mibi
804 1898 966 1962 Dominus
988 1912 1097 1962 noster
1108 1899 1204 1963 Jesus

163 2007 316 2072 Christus
328 2008 368 2070 de
384 2007 434 2070 his
448 2006 563 2070 dixisse
578 2027 635 2090 per
649 2007 826 2091 parabolas,
839 2007 957 2070 9Νιηηο
976 2017 1078 2092 potest
1096 2007 1203 2074 vinum

163 2135 277 2179 novum
299 2113 333 2176 in
354 2123 438 2176 atres
459 2124 575 2176 veteres
593 2113 727 2192 mittere,
743 2112 883 2201 alioquin
904 2125 1088 2199 rumpentur
1107 2125 1203 2195 utres,

162 2233 195 2287 st
216 2223 326 2287 vinum
349 2220 535 2307 &fundatum
580 2222 642 2285 Sed
667 2222 776 2287 vinum
798 2244 915 2287 novum
942 2223 975 2287 in
998 2236 1083 2286 utres
1106 2245 1206 2295 novos

164 2331 358 2399 mittendum
373 2342 423 2394 est
432 2354 441 2408 ;
457 2329 610 2415 quoniam
627 2330 758 2416 quidem
774 2331 857 2394 idem
871 2331 1035 2393 Dominus
1050 2347 1099 2394 est
1112 2330 1204 2411 utris,

164 2451 199 2505 et
211 2440 295 2517 vini;
318 2462 392 2504 nam
415 2439 475 2502 etsi
495 2439 616 2502 diversa
636 2439 815 2503 substantia
835 2439 887 2516 sit,
903 2437 960 2502 sed
974 2438 1204 2516 dominatione,

166 2561 199 2612 et
218 2547 441 2612 observantiae'
453 2570 512 2610 usu
535 2568 574 2610 ex
597 2547 646 2611 his
669 2547 794 2612 duabus
814 2569 877 2612 una
895 2568 1031 2632 persona
1051 2547 1204 2618 subsistit.

166 2658 244 2724 Non
267 2657 352 2719 enim
376 2656 515 2719 animam
542 2655 680 2720 dicimus
702 2655 891 2720 substantiae
918 2654 1011 2719 unius
1033 2676 1102 2719 esse
1128 2677 1205 2725 cum

168 2786 313 2851 corpore,
329 2764 385 2827 sed
405 2765 523 2828 habere
543 2764 802 2851 unumquodque
827 2764 1014 2850 qualitatem
1035 2786 1150 2844 suam3
1173 2778 1207 2833 et

168 2888 319 2960 tanquam
336 2875 377 2938 ad
394 2896 494 2938 unum
515 2896 629 2958 genua,
643 2887 741 2961 atque
757 2896 851 2938 unam
868 2873 1007 2959 speciem
1024 2873 1206 2953 hominum,

168 2996 250 3061 uter,
264 3005 302 3046 ac
316 2983 424 3046 vinum
440 2999 656 3068 comparatur,
671 2983 718 3046 ita
732 2984 773 3046 ab
789 3005 855 3047 uno
869 2984 943 3046 Deo
958 2981 1121 3047 hominem
1137 2981 1206 3047 edi-

168 3104 238 3156 tum
259 3090 341 3163 ratio
365 3093 484 3177 expetit
503 3092 664 3156 veritatisz
686 3091 809 3176 gaudet
829 3091 913 3157 enim
935 3090 1043 3154 anima
1062 3112 1208 3177 corpore,

168 3213 199 3266 et
213 3190 336 3285 diligit,
348 3214 382 3266 et
401 3200 482 3264 colit
502 3199 593 3276 illud,
610 3199 817 3264 nihilominus
833 3201 930 3264 etiam
950 3221 1066 3285 corpus
1087 3200 1210 3285 gaudet

168 3309 208 3372 ab
223 3308 334 3372 anima
347 3329 381 3371 se
397 3307 599 3371 vivificatum.
640 3308 739 3394 Quod
755 3309 781 3370 si
795 3301 929 3391 maligni
944 3329 1025 3392 opus
1041 3307 1128 3372 dicat
1140 3329 1208 3376 esse

170 3417 241 3503 quis
262 3436 392 3500 corpus,
407 3437 480 3478 cum
503 3415 545 3479 sit
567 3430 600 3479 et
622 3416 842 3501 corruptibile,
860 3437 898 3478 ac
919 3428 1091 3493 vetustum,
1112 3429 1209 3503 atque

170 3524 391 3602 deterrimum,
403 3546 468 3587 non
483 3537 591 3609 potest
604 3525 687 3588 ferre
702 3524 829 3609 spiritus
844 3524 1006 3602 virtutem,
1020 3545 1078 3587 nec
1093 3525 1209 3589 animae

171 3633 437 3712 commotionem,
449 3648 482 3698 et
497 3633 567 3720 ejus
583 3632 870 3720 splendidissimam
886 3647 1075 3697 creaturam.
1100 3635 1211 3703 'Sicut

172 3744 255 3808 enim
278 3744 544 3807 siassumentum
570 3742 668 3828 panni
688 3740 776 3806 rudis
797 3753 904 3805 assuat
927 3741 999 3826 quis
1020 3742 1210 3815 vestimento

174 3853 282 3930 veteri,
298 3852 405 3938 major
420 3850 557 3916 scissura
577 3853 622 3930 fit,
638 3853 684 3915 ita
704 3851 801 3915 etiam
816 3870 945 3935 corpus,
963 3850 989 3913 si
1008 3851 1212 3936 praeclarissi-

176 3983 229 4024 mo
249 3961 350 4045 operi,
373 3960 487 4024 animae
509 3959 710 4023 adsociatum
733 3959 838 4035 fuerit,
861 3959 1013 4022 interiret.
1059 3960 1212 4043 Similiter

176 4080 209 4132 et
221 4068 246 4133 si
262 4068 334 4154 quis
349 4068 465 4132 inferat
478 4067 616 4132 lucernae
632 4067 740 4133 lumen
750 4066 788 4139 ,in
800 4067 910 4132 locum
926 4047 1142 4147 tenebrosum,
1159 4068 1212 4132 fu·

334 4293 338 4301 ·
392 4257 606 4314 warstan.
641 4297 679 4334 z,
756 4220 1026 4308 warrantum„—
1103 4222 1128 4232 ”
