2684 4740
257 315 317 397 19⁶
354 309 591 376 incusum
612 313 668 377 ur
687 312 894 378 mausus
916 276 1207 381 ursrti‘rsrro.
1238 340 1242 349 ·

255 480 334 545 toris
339 505 349 560 3
372 480 460 566 quod
475 503 550 545 cum
568 493 677 567 pastor
692 482 815 562 viderit,
830 482 913 548 fodit
927 483 1050 548 foveam
1067 485 1249 570 ingentem,
1262 495 1297 548 et

257 589 299 653 de
312 610 412 674 grege
427 588 503 653 tulit
517 612 617 654 unum
638 591 780 668 haedum,
796 603 829 654 et
845 591 979 676 jactavit
993 592 1026 654 in
1040 591 1179 671 foveam,
1195 593 1296 678 quein

256 697 313 761 leo
329 698 476 761 invadere
499 698 693 776 desiderans,
709 721 784 763 cum
806 699 929 784 ingenti
950 698 1173 784 indignatione
1194 697 1299 763 voluit

255 826 331 869 eum
357 807 539 885 absorbere,
563 819 596 870 et
618 829 786 873 accurrens
806 807 846 871 ad
868 808 1004 886 foveam,
1020 805 1139 871 decidit
1158 807 1192 871 in
1211 826 1297 885 eam,

257 912 450 976 ascendendi
472 913 544 977 inde
567 935 694 977 sursum
713 936 778 977 non
799 913 921 977 habens
942 913 1021 977 vires
1033 935 1043 990 3
1065 934 1162 998 quem
1184 923 1299 998 pastor

256 1017 492 1104 apprehensum
512 1041 573 1105 pro
590 1020 760 1104 prudentia
777 1042 834 1085 sua
849 1020 881 1083 in
896 1041 992 1084 cavea
1005 1000 1184 1097 concludit,
1198 1031 1299 1104 atque

257 1125 399 1204 haedum,
413 1126 468 1211 qui
489 1147 561 1189 cum
581 1127 652 1212 ipso
672 1129 769 1193 fuerit
786 1127 819 1192 in
833 1129 936 1206 fovea,
951 1127 1148 1193 incolumem
1164 1146 1299 1191 conser-

255 1237 348 1300 vavit.
392 1239 441 1300 Ex
464 1237 526 1300 hoc
548 1260 627 1323 ergo
650 1238 898 1303 infirmatus'est
923 1238 1096 1324 malignus,
1121 1235 1208 1300 ultra
1225 1234 1299 1322 jam

256 1343 348 1407 leone
364 1366 428 1407 non
445 1344 582 1408 habente
602 1359 797 1431 potestatem
813 1345 949 1411 faciendi
963 1344 1098 1432 aliquid,
1106 1358 1146 1409 ⁴et
1159 1343 1298 1410 salvabi·

256 1465 310 1516 tur
332 1475 429 1515 omne
449 1453 626 1518 animarum
645 1477 760 1539 genus,
775 1477 813 1519 ac
834 1454 1032 1533 restituetur,
1044 1451 1133 1539 quod
1147 1452 1300 1538 perierat,

256 1561 387 1647 proprio
408 1585 467 1625 suo
487 1563 591 1648 gregi.
635 1564 873 1628 Ancus-:saus
891 1583 1019 1641 nrxrr,
1032 1562 1067 1625 Si
1079 1562 1210 1627 leonem
1226 1582 1299 1625 ma·

255 1671 347 1757 ligno
366 1693 545 1757 comparas,
561 1674 668 1738 Deum
685 1696 760 1738 vero
774 1674 916 1761 pastori;
939 1695 1012 1739 oves
1032 1684 1130 1760 atque
1149 1673 1299 1752 haedum,

256 1780 319 1857 dic,
345 1781 472 1845 cuinam
496 1783 778 1867 comparabimus?
820 1785 961 1848 Manus
991 1802 1119 1862 urxtr,
1148 1783 1235 1849 Oves
1264 1795 1300 1848 et

255 1886 370 1951 haedus
385 1889 479 1952 unius
495 1890 574 1953 mihi
589 1890 734 1956 videntur
752 1913 820 1956 esse
836 1907 978 1971 nature,
1001 1891 1032 1955 in
1050 1889 1298 1959 sirnttitudinem

254 2007 363 2058 autem
387 2012 550 2081 ponuntur
571 1999 762 2065 animarum.
804 2001 1042 2064 Ancnssstrs
1065 1999 1299 2079 n1x1s,Aui-

255 2123 342 2166 mam
364 2125 443 2189 ergo
465 2105 624 2189 perditum
648 2107 737 2171 dedit
757 2108 862 2186 Deus,
884 2106 1039 2194 objiciens
1061 2128 1133 2171 eam
1152 2105 1241 2171 leoni
1263 2106 1298 2171 in

163 2294 168 2298 ἢ
254 2217 360 2280 fovea.
403 2217 543 2283 Matres
565 2237 693 2294 orxtr,
707 2218 935 2303 Nequaquam,
950 2215 1034 2281 absit
1048 2216 1112 2281 hoc
1123 2239 1134 2295 3
1156 2215 1217 2281 sed
1236 2237 1297 2302 apt

253 2324 428 2412 prehensus
448 2337 497 2388 est
518 2324 580 2387 hoc
599 2324 742 2409 ingenio,
756 2324 789 2387 in
807 2324 952 2388 futurum
968 2344 1041 2387 vero
1056 2323 1193 2390 salvabit
1211 2344 1295 2406 eam.

254 2438 494 2502 Ancrrtsuaus
517 2456 645 2514 urxrr,
661 2434 842 2499 Ridiculum
855 2434 925 2519 jam
940 2433 1026 2498 istud
1041 2445 1101 2512 est,
1115 2433 1189 2500 Viri
1203 2434 1296 2501 sudi·

253 2558 351 2624 tores,
374 2545 401 2609 si
423 2567 557 2630 agnum,
574 2565 672 2631 quern
694 2543 850 2610 retinebat
871 2542 904 2605 in
927 2541 1059 2619 sinibus,
1082 2552 1196 2625 pastor
1216 2541 1296 2607 exti-

255 2677 400 2720 mescens
422 2656 523 2720 leonis
545 2656 737 2741 ingressum,
757 2652 894 2740 projecit
916 2672 990 2716 eum
1012 2649 1247 2730 devorandum,
1263 2663 1296 2717 et

254 2762 373 2827 dicitur
387 2763 462 2847 quia
476 2763 509 2825 in
522 2763 670 2854 futurum
691 2760 825 2825 salvabit
843 2781 929 2824 eum.
968 2757 1147 2826 Quomodo
1163 2779 1230 2823 nou
1244 2773 1294 2825 to·

255 2882 326 2932 tum
343 2868 405 2931 hoc
420 2867 556 2931 ridiculo
569 2869 697 2953 plenum
715 2871 784 2933 est?
819 2871 905 2934 Nam
921 2880 955 2933 et
968 2868 1002 2930 in
1015 2866 1078 2931 hoc
1093 2866 1193 2931 etiam
1203 2864 1294 2953 judi·

257 2975 344 3039 cium
360 2975 522 3038 adimitur.
566 2976 677 3039 tDeus
696 2976 781 3040 enim
803 2978 930 3040 Satanae
948 2975 1086 3038 animam
1103 2972 1295 3053 tradidiuiu

254 3083 464 3170 perditionem
490 3083 531 3145 ab
557 3103 597 3146 eo
618 3083 856 3148 assumendam.
898 3065 1039 3169 Quando
1060 3082 1146 3149 enim
1160 3095 1296 3170 pastor,

255 3206 389 3255 unonne
411 3191 516 3255 David
537 3190 578 3254 de
600 3212 655 3254 ore
677 3191 790 3271 leonis,
810 3191 858 3255 vel
878 3191 944 3254 ursi
963 3190 1046 3255 eruit
1065 3193 1182 3255 ovem?
1218 3192 1294 3257 Hoc

256 3301 392 3371 dicimus
407 3314 539 3386 propter
553 3321 603 3364 ore
618 3299 724 3379 bonis,
739 3300 828 3386 quod
843 3298 904 3378 ait3
926 3299 966 3362 de
982 3319 1037 3362 ore
1051 3297 1169 3377 leonis,
1183 3312 1243 3371 aut
1254 3294 1294 3363 de

255 3424 364 3475 ventre
380 3409 452 3494 ejus
466 3419 574 3492 potest
587 3406 734 3483 educere,
750 3406 838 3492 quod
852 3406 923 3492 jam
937 3405 992 3468 ille
1011 3405 1195 3475 devoravit..
1231 3406 1294 3481 Sed

255 3518 341 3582 dices
353 3517 444 3593 mihi,
454 3516 544 3579 Deus
558 3528 618 3603 est,
632 3528 667 3580 et
681 3515 789 3579 omnia
802 3526 919 3599 potest.
946 3513 1035 3578 Audi
1050 3534 1130 3599 ergo
1145 3514 1190 3579 ad
1202 3515 1292 3595 haec3

258 3648 314 3693 cur
330 3625 428 3712 igitur
442 3623 529 3709 quod
544 3623 657 3708 possit,
673 3645 737 3686 non
752 3621 831 3686 illud
843 3622 966 3706 potius,
987 3622 1111 3702 asseris,
1126 3623 1220 3709 quod
1232 3644 1292 3712 po,-

287 3795 295 3826 ῑ
314 3794 431 3854 Loquitur
445 3791 486 3838 hic
498 3789 641 3847 Archelaus,
651 3804 683 3836 ex
694 3789 798 3836 Manetis
808 3790 936 3845 sententia,
948 3790 991 3850 qui
1006 3803 1065 3836 cum
1077 3799 1201 3849 pastorem
1211 3793 1293 3855 prmi-

256 3879 364 3929 dentem,
373 3887 401 3919 uc
410 3879 600 3933 praenoscentem
612 3869 743 3917 inevitabili
753 3868 830 3917 leonis
841 3870 988 3917 devorationi
1000 3870 1139 3930 exposuisse
1149 3872 1292 3923 haedutndi·

255 3966 328 4011 ceret,
337 3953 468 3999 necessario
479 3950 670 4012 consequebatur
678 3959 798 4010 pastorem
810 3949 891 4010 ipsum
901 3963 1001 3998 causam
1010 3962 1061 3995 esse
1069 3951 1211 4010 perditionis
1220 3953 1292 4013 buli,

253 4039 323 4098 eique
334 4032 399 4081 illius
411 4045 496 4080 necem
504 4031 559 4090 jure
568 4029 677 4077 adscribi.

287 4122 298 4148 ¹¹
317 4117 365 4164 Hic
376 4114 467 4174 aliquid
477 4114 557 4160 deesse
568 4111 670 4158 videtur.
698 4110 778 4167 Forte,
790 4109 883 4156 Quando
897 4109 954 4156 cuim
967 4119 1044 4171 pastor
1060 4109 1099 4156 loc
1107 4111 1193 4174 fecit?
1218 4114 1299 4163 Nouae

257 4196 349 4256 David,
360 4196 405 4253 dte.
419 4194 469 4257 (An
480 4191 645 4252 interrogative
655 4190 749 4252 legend.
761 4189 788 4237 de
797 4207 834 4237 ore
843 4189 918 4251 leonis,
930 4201 970 4238 aut
981 4190 1096 4239 devenire
1107 4194 1153 4252 dte.
1161 4192 1184 4254 l)
