<?xml version="1.0" encoding="UTF-8"?>
<!DOCTYPE html PUBLIC "-//W3C//DTD XHTML 1.0 Transitional//EN"
    "http://www.w3.org/TR/xhtml1/DTD/xhtml1-transitional.dtd">
<html xmlns="http://www.w3.org/1999/xhtml" xml:lang="en" lang="en">
 <head>
  <title>
</title>
<meta http-equiv="Content-Type" content="text/html;charset=utf-8" />
  <meta name='ocr-system' content='tesseract 3.04.00' />
  <meta name='ocr-capabilities' content='ocr_page ocr_carea ocr_par ocr_line ocrx_word'/>
</head>
<body>
  <div class='ocr_page' id='page_1' title='image "./reliquiaesacrae10routgoog_0286.png"; bbox 0 0 2684 4740; ppageno 0'>
   <div class='ocr_carea' id='block_1_1' title="bbox 241 258 1199 381">
    <p class='ocr_par' dir='ltr' id='par_1_1' title="bbox 241 258 1199 381">
     <span class='ocr_line' id='line_1_1' title="bbox 241 258 1199 381; baseline -0.003 -22"><span class='ocrx_word' id='word_1_1' title='bbox 241 290 558 361; x_wconf 71' lang='lat' dir='ltr'><strong>lacesseres</strong></span> <span class='ocrx_word' id='word_1_2' title='bbox 577 293 787 361; x_wconf 78' lang='lat' dir='ltr'><strong>Mnunrrs</strong></span> <span class='ocrx_word' id='word_1_3' title='bbox 807 290 1097 378; x_wconf 73' lang='lat' dir='ltr'><strong>marmano.</strong></span> <span class='ocrx_word' id='word_1_4' title='bbox 1133 258 1199 381; x_wconf 66' lang='lat' dir='ltr'><strong>aa5</strong></span> 
     </span>
    </p>
   </div>
   <div class='ocr_carea' id='block_1_2' title="bbox 108 464 1204 3082">
    <p class='ocr_par' dir='ltr' id='par_1_2' title="bbox 108 464 1204 3082">
     <span class='ocr_line' id='line_1_2' title="bbox 199 464 1200 554; baseline 0.001 -25"><span class='ocrx_word' id='word_1_5' title='bbox 199 465 365 553; x_wconf 73' lang='lat' dir='ltr'><strong>Quoniam</strong></span> <span class='ocrx_word' id='word_1_6' title='bbox 380 467 474 532; x_wconf 87' lang='lat' dir='ltr'><strong>nobis</strong></span> <span class='ocrx_word' id='word_1_7' title='bbox 490 469 564 552; x_wconf 89' lang='lat' dir='ltr'><strong>(nos</strong></span> <span class='ocrx_word' id='word_1_8' title='bbox 578 466 647 532; x_wconf 72' lang='lat' dir='ltr'><strong>malt</strong></span> <span class='ocrx_word' id='word_1_9' title='bbox 661 482 808 553; x_wconf 81' lang='lat' dir='ltr'><em>reponere</em></span> <span class='ocrx_word' id='word_1_10' title='bbox 823 465 1056 554; x_wconf 84' lang='lat' dir='ltr'><strong>Cannegieter),</strong></span> <span class='ocrx_word' id='word_1_11' title='bbox 1072 464 1113 530; x_wconf 88' lang='lat' dir='ltr'><strong>de</strong></span> <span class='ocrx_word' id='word_1_12' title='bbox 1126 465 1200 552; x_wconf 89' lang='lat' dir='ltr'><strong>qui·</strong></span> 
     </span>
     <span class='ocr_line' id='line_1_3' title="bbox 154 571 1200 651; baseline 0.001 -15"><span class='ocrx_word' id='word_1_13' title='bbox 154 571 219 636; x_wconf 90' lang='lat' dir='ltr'><strong>bus</strong></span> <span class='ocrx_word' id='word_1_14' title='bbox 234 571 372 638; x_wconf 86' lang='lat' dir='ltr'><strong>Solertia</strong></span> <span class='ocrx_word' id='word_1_15' title='bbox 392 587 448 640; x_wconf 89' lang='lat' dir='ltr'><strong>tua</strong></span> <span class='ocrx_word' id='word_1_16' title='bbox 467 574 637 639; x_wconf 80' lang='lat' dir='ltr'><strong>Serenitati</strong></span> <span class='ocrx_word' id='word_1_17' title='bbox 651 587 769 639; x_wconf 88' lang='lat' dir='ltr'><strong>nostrae</strong></span> <span class='ocrx_word' id='word_1_18' title='bbox 784 572 907 651; x_wconf 90' lang='lat' dir='ltr'><strong>retulit,</strong></span> <span class='ocrx_word' id='word_1_19' title='bbox 923 573 1127 639; x_wconf 86' lang='lat' dir='ltr'><strong>Manichaeos</strong></span> <span class='ocrx_word' id='word_1_20' title='bbox 1142 595 1200 638; x_wconf 88' lang='lat' dir='ltr'><strong>an-</strong></span> 
     </span>
     <span class='ocr_line' id='line_1_4' title="bbox 155 660 1201 769; baseline -0.001 -22"><span class='ocrx_word' id='word_1_21' title='bbox 155 680 295 747; x_wconf 85' lang='lat' dir='ltr'><strong>divimus</strong></span> <span class='ocrx_word' id='word_1_22' title='bbox 325 682 397 768; x_wconf 86' lang='lat' dir='ltr'><strong>[eoa</strong></span> <span class='ocrx_word' id='word_1_23' title='bbox 429 681 608 766; x_wconf 83' lang='lat' dir='ltr'><strong>delendam]</strong></span> <span class='ocrx_word' id='word_1_24' title='bbox 639 680 835 769; x_wconf 82' lang='lat' dir='ltr'>nuperrime,</span> <span class='ocrx_word' id='word_1_25' title='bbox 865 660 953 747; x_wconf 75' lang='lat' dir='ltr'><strong>vehit</strong></span> <span class='ocrx_word' id='word_1_26' title='bbox 983 705 1065 748; x_wconf 86' lang='lat' dir='ltr'><strong>nova</strong></span> <span class='ocrx_word' id='word_1_27' title='bbox 1094 680 1201 768; x_wconf 89' lang='lat' dir='ltr'><strong>inopi·</strong></span> 
     </span>
     <span class='ocr_line' id='line_1_5' title="bbox 155 789 1203 879; baseline 0.001 -24"><span class='ocrx_word' id='word_1_28' title='bbox 155 803 233 855; x_wconf 88' lang='lat' dir='ltr'><strong>nata</strong></span> <span class='ocrx_word' id='word_1_29' title='bbox 246 789 410 879; x_wconf 85' lang='lat' dir='ltr'><strong>prodigia,</strong></span> <span class='ocrx_word' id='word_1_30' title='bbox 425 791 458 855; x_wconf 93' lang='lat' dir='ltr'><strong>in</strong></span> <span class='ocrx_word' id='word_1_31' title='bbox 475 790 561 857; x_wconf 90' lang='lat' dir='ltr'><strong>hunc</strong></span> <span class='ocrx_word' id='word_1_32' title='bbox 576 790 735 858; x_wconf 90' lang='lat' dir='ltr'><strong>mundum</strong></span> <span class='ocrx_word' id='word_1_33' title='bbox 750 792 792 856; x_wconf 94' lang='lat' dir='ltr'><strong>de</strong></span> <span class='ocrx_word' id='word_1_34' title='bbox 807 791 933 856; x_wconf 89' lang='lat' dir='ltr'><strong>Persica</strong></span> <span class='ocrx_word' id='word_1_35' title='bbox 946 791 1124 857; x_wconf 86' lang='lat' dir='ltr'><strong>adversaria</strong></span> <span class='ocrx_word' id='word_1_36' title='bbox 1142 812 1203 856; x_wconf 92' lang='lat' dir='ltr'><strong>no·</strong></span> 
     </span>
     <span class='ocr_line' id='line_1_6' title="bbox 156 899 1202 989; baseline 0.001 -25"><span class='ocrx_word' id='word_1_37' title='bbox 156 899 208 965; x_wconf 91' lang='lat' dir='ltr'><strong>bis</strong></span> <span class='ocrx_word' id='word_1_38' title='bbox 225 912 326 987; x_wconf 85' lang='lat' dir='ltr'><strong>gente</strong></span> <span class='ocrx_word' id='word_1_39' title='bbox 345 922 518 989; x_wconf 85' lang='lat' dir='ltr'><strong>progressa</strong></span> <span class='ocrx_word' id='word_1_40' title='bbox 538 902 588 967; x_wconf 89' lang='lat' dir='ltr'><strong>vel</strong></span> <span class='ocrx_word' id='word_1_41' title='bbox 610 914 681 966; x_wconf 88' lang='lat' dir='ltr'><strong>orta</strong></span> <span class='ocrx_word' id='word_1_42' title='bbox 701 923 789 981; x_wconf 89' lang='lat' dir='ltr'><strong>esse;</strong></span> <span class='ocrx_word' id='word_1_43' title='bbox 812 914 846 966; x_wconf 89' lang='lat' dir='ltr'><strong>et</strong></span> <span class='ocrx_word' id='word_1_44' title='bbox 869 900 973 967; x_wconf 88' lang='lat' dir='ltr'><strong>multa</strong></span> <span class='ocrx_word' id='word_1_45' title='bbox 993 901 1136 966; x_wconf 86' lang='lat' dir='ltr'><strong>facinora</strong></span> <span class='ocrx_word' id='word_1_46' title='bbox 1155 899 1202 965; x_wconf 91' lang='lat' dir='ltr'><strong>ibi</strong></span> 
     </span>
     <span class='ocr_line' id='line_1_7' title="bbox 156 1010 1202 1100; baseline 0.001 -25"><span class='ocrx_word' id='word_1_47' title='bbox 156 1010 383 1081; x_wconf 83' lang='lat' dir='ltr'><strong>committere:</strong></span> <span class='ocrx_word' id='word_1_48' title='bbox 410 1011 551 1100; x_wconf 86' lang='lat' dir='ltr'><strong>populos</strong></span> <span class='ocrx_word' id='word_1_49' title='bbox 581 1033 721 1100; x_wconf 87' lang='lat' dir='ltr'><strong>namque</strong></span> <span class='ocrx_word' id='word_1_50' title='bbox 747 1010 875 1099; x_wconf 87' lang='lat' dir='ltr'><strong>quietos</strong></span> <span class='ocrx_word' id='word_1_51' title='bbox 903 1011 1109 1096; x_wconf 85' lang='lat' dir='ltr'><strong>perturbare:</strong></span> <span class='ocrx_word' id='word_1_52' title='bbox 1142 1029 1202 1084; x_wconf 87' lang='lat' dir='ltr'><strong>nec</strong></span> 
     </span>
     <span class='ocr_line' id='line_1_8' title="bbox 158 1119 1201 1208; baseline 0.001 -23"><span class='ocrx_word' id='word_1_53' title='bbox 158 1142 224 1186; x_wconf 91' lang='lat' dir='ltr'><strong>non</strong></span> <span class='ocrx_word' id='word_1_54' title='bbox 249 1135 284 1186; x_wconf 87' lang='lat' dir='ltr'><strong>et</strong></span> <span class='ocrx_word' id='word_1_55' title='bbox 304 1121 488 1205; x_wconf 84' lang='lat' dir='ltr'><strong>civitatibus</strong></span> <span class='ocrx_word' id='word_1_56' title='bbox 510 1122 652 1187; x_wconf 85' lang='lat' dir='ltr'><strong>maxima</strong></span> <span class='ocrx_word' id='word_1_57' title='bbox 669 1120 862 1187; x_wconf 88' lang='lat' dir='ltr'><strong>detrimenta</strong></span> <span class='ocrx_word' id='word_1_58' title='bbox 879 1119 1018 1186; x_wconf 85' lang='lat' dir='ltr'><strong>inserere</strong></span> <span class='ocrx_word' id='word_1_59' title='bbox 1040 1121 1201 1208; x_wconf 81' lang='lat' dir='ltr'><strong>(ingerere</strong></span> 
     </span>
     <span class='ocr_line' id='line_1_9' title="bbox 157 1230 1202 1321; baseline 0.004 -26"><span class='ocrx_word' id='word_1_60' title='bbox 157 1230 283 1298; x_wconf 80' lang='lat' dir='ltr'><strong>mavult</strong></span> <span class='ocrx_word' id='word_1_61' title='bbox 303 1232 544 1321; x_wconf 71' lang='lat' dir='ltr'><strong>Cannsgr&#39;eterlr</strong></span> <span class='ocrx_word' id='word_1_62' title='bbox 565 1246 600 1299; x_wconf 90' lang='lat' dir='ltr'><strong>et</strong></span> <span class='ocrx_word' id='word_1_63' title='bbox 619 1231 792 1299; x_wconf 84' lang='lat' dir='ltr'><strong>verendum</strong></span> <span class='ocrx_word' id='word_1_64' title='bbox 815 1245 877 1311; x_wconf 90' lang='lat' dir='ltr'><strong>est,</strong></span> <span class='ocrx_word' id='word_1_65' title='bbox 896 1253 936 1296; x_wconf 89' lang='lat' dir='ltr'><strong>ne</strong></span> <span class='ocrx_word' id='word_1_66' title='bbox 958 1232 1053 1310; x_wconf 81' lang='lat' dir='ltr'><strong>forte,</strong></span> <span class='ocrx_word' id='word_1_67' title='bbox 1073 1244 1110 1297; x_wconf 88' lang='lat' dir='ltr'><strong>ut</strong></span> <span class='ocrx_word' id='word_1_68' title='bbox 1133 1231 1202 1299; x_wconf 82' lang='lat' dir='ltr'><strong>fieri</strong></span> 
     </span>
     <span class='ocr_line' id='line_1_10' title="bbox 157 1339 1201 1431; baseline 0 -24"><span class='ocrx_word' id='word_1_69' title='bbox 157 1339 297 1421; x_wconf 82' lang='lat' dir='ltr'><strong>adsolet,</strong></span> <span class='ocrx_word' id='word_1_70' title='bbox 311 1341 479 1408; x_wconf 76' lang='lat' dir='ltr'><strong>accedenti</strong></span> <span class='ocrx_word' id='word_1_71' title='bbox 494 1356 644 1431; x_wconf 88' lang='lat' dir='ltr'><strong>tempore</strong></span> <span class='ocrx_word' id='word_1_72' title='bbox 657 1354 816 1410; x_wconf 87' lang='lat' dir='ltr'><strong>conentur</strong></span> <span class='ocrx_word' id='word_1_73' title='bbox 833 1342 1004 1429; x_wconf 86' lang='lat' dir='ltr'><strong>(ingerere,</strong></span> <span class='ocrx_word' id='word_1_74' title='bbox 1023 1341 1103 1428; x_wconf 86' lang='lat' dir='ltr'><strong>conj.</strong></span> <span class='ocrx_word' id='word_1_75' title='bbox 1119 1340 1201 1407; x_wconf 80' lang='lat' dir='ltr'><strong>idem</strong></span> 
     </span>
     <span class='ocr_line' id='line_1_11' title="bbox 144 1450 1201 1541; baseline -0.002 -23"><span class='ocrx_word' id='word_1_76' title='bbox 144 1450 391 1541; x_wconf 59' lang='lat' dir='ltr'><strong>Uerruginem)</strong></span> <span class='ocrx_word' id='word_1_77' title='bbox 406 1453 599 1520; x_wconf 85' lang='lat' dir='ltr'><strong>execrandas</strong></span> <span class='ocrx_word' id='word_1_78' title='bbox 611 1452 871 1532; x_wconf 86' lang='lat' dir='ltr'><strong>consuetudines,</strong></span> <span class='ocrx_word' id='word_1_79' title='bbox 883 1462 916 1518; x_wconf 76' lang='lat' dir='ltr'><strong>e‘t</strong></span> <span class='ocrx_word' id='word_1_80' title='bbox 926 1452 1044 1517; x_wconf 85' lang='lat' dir='ltr'><strong>istebas</strong></span> <span class='ocrx_word' id='word_1_81' title='bbox 1057 1450 1139 1537; x_wconf 82' lang='lat' dir='ltr'><strong>(cult</strong></span> <span class='ocrx_word' id='word_1_82' title='bbox 1150 1451 1201 1516; x_wconf 89' lang='lat' dir='ltr'><strong>in·</strong></span> 
     </span>
     <span class='ocr_line' id='line_1_12' title="bbox 108 1560 1202 1653; baseline -0.001 -26"><span class='ocrx_word' id='word_1_83' title='bbox 108 1586 111 1595; x_wconf 91' lang='lat'><em>·</em></span> <span class='ocrx_word' id='word_1_84' title='bbox 158 1560 270 1628; x_wconf 83' lang='lat' dir='ltr'><strong>ficetas</strong></span> <span class='ocrx_word' id='word_1_85' title='bbox 286 1562 441 1652; x_wconf 84' lang='lat' dir='ltr'><strong>Ganneg.)</strong></span> <span class='ocrx_word' id='word_1_86' title='bbox 461 1565 551 1653; x_wconf 84' lang='lat' dir='ltr'><strong>leges</strong></span> <span class='ocrx_word' id='word_1_87' title='bbox 571 1565 737 1630; x_wconf 75' lang='lat' dir='ltr'><strong>Persarum</strong></span> <span class='ocrx_word' id='word_1_88' title='bbox 755 1563 813 1648; x_wconf 91' lang='lat' dir='ltr'><strong>(in,</strong></span> <span class='ocrx_word' id='word_1_89' title='bbox 828 1563 919 1629; x_wconf 81' lang='lat' dir='ltr'><strong>addit</strong></span> <span class='ocrx_word' id='word_1_90' title='bbox 936 1563 1090 1650; x_wconf 84' lang='lat' dir='ltr'><strong>Canneg.)</strong></span> <span class='ocrx_word' id='word_1_91' title='bbox 1107 1561 1202 1634; x_wconf 86' lang='lat' dir='ltr'><strong>inno·</strong></span> 
     </span>
     <span class='ocr_line' id='line_1_13' title="bbox 157 1671 1201 1760; baseline 0 -24"><span class='ocrx_word' id='word_1_92' title='bbox 157 1672 310 1740; x_wconf 89' lang='lat' dir='ltr'><strong>centioris</strong></span> <span class='ocrx_word' id='word_1_93' title='bbox 334 1690 458 1741; x_wconf 74' lang='lat' dir='ltr'><strong>naturae</strong></span> <span class='ocrx_word' id='word_1_94' title='bbox 481 1674 630 1740; x_wconf 87' lang='lat' dir='ltr'><strong>homines</strong></span> <span class='ocrx_word' id='word_1_95' title='bbox 655 1675 835 1739; x_wconf 84' lang='lat' dir='ltr'><strong>Romanam</strong></span> <span class='ocrx_word' id='word_1_96' title='bbox 859 1684 992 1760; x_wconf 85' lang='lat' dir='ltr'><strong>gentem</strong></span> <span class='ocrx_word' id='word_1_97' title='bbox 1017 1671 1201 1737; x_wconf 83' lang='lat' dir='ltr'><strong>modestam</strong></span> 
     </span>
     <span class='ocr_line' id='line_1_14' title="bbox 156 1781 1203 1874; baseline 0.001 -27"><span class='ocrx_word' id='word_1_98' title='bbox 156 1796 257 1872; x_wconf 88' lang='lat' dir='ltr'><strong>atque</strong></span> <span class='ocrx_word' id='word_1_99' title='bbox 283 1785 501 1874; x_wconf 86' lang='lat' dir='ltr'><strong>tranquillam,</strong></span> <span class='ocrx_word' id='word_1_100' title='bbox 525 1799 559 1852; x_wconf 90' lang='lat' dir='ltr'><strong>et</strong></span> <span class='ocrx_word' id='word_1_101' title='bbox 585 1784 768 1850; x_wconf 86' lang='lat' dir='ltr'><strong>universum</strong></span> <span class='ocrx_word' id='word_1_102' title='bbox 794 1782 908 1847; x_wconf 90' lang='lat' dir='ltr'><strong>orbem</strong></span> <span class='ocrx_word' id='word_1_103' title='bbox 933 1793 1079 1848; x_wconf 91' lang='lat' dir='ltr'><strong>nostrum</strong></span> <span class='ocrx_word' id='word_1_104' title='bbox 1104 1781 1203 1848; x_wconf 87' lang='lat' dir='ltr'><strong>veluti</strong></span> 
     </span>
     <span class='ocr_line' id='line_1_15' title="bbox 158 1878 1200 1961; baseline 0 -3"><span class='ocrx_word' id='word_1_105' title='bbox 158 1893 287 1959; x_wconf 85' lang='lat' dir='ltr'><strong>venenis</strong></span> <span class='ocrx_word' id='word_1_106' title='bbox 306 1894 347 1960; x_wconf 88' lang='lat' dir='ltr'><strong>de</strong></span> <span class='ocrx_word' id='word_1_107' title='bbox 369 1878 436 1961; x_wconf 77' lang='lat' dir='ltr'><strong>suis</strong></span> <span class='ocrx_word' id='word_1_108' title='bbox 460 1894 618 1961; x_wconf 87' lang='lat' dir='ltr'><strong>malivolis</strong></span> <span class='ocrx_word' id='word_1_109' title='bbox 637 1892 1031 1960; x_wconf 75' lang='lat' dir='ltr'><strong>inficeret—Jubemus</strong></span> <span class='ocrx_word' id='word_1_110' title='bbox 1052 1904 1200 1959; x_wconf 84' lang='lat' dir='ltr'><strong>auctores</strong></span> 
     </span>
     <span class='ocr_line' id='line_1_16' title="bbox 158 2001 1201 2096; baseline -0.002 -26"><span class='ocrx_word' id='word_1_111' title='bbox 158 2003 304 2092; x_wconf 89' lang='lat' dir='ltr'><strong>quidem·</strong></span> <span class='ocrx_word' id='word_1_112' title='bbox 322 2027 360 2070; x_wconf 86' lang='lat' dir='ltr'><strong>ac</strong></span> <span class='ocrx_word' id='word_1_113' title='bbox 387 2006 549 2096; x_wconf 79' lang='lat' dir='ltr'><strong>principes</strong></span> <span class='ocrx_word' id='word_1_114' title='bbox 579 2027 644 2071; x_wconf 86' lang='lat' dir='ltr'><strong>una</strong></span> <span class='ocrx_word' id='word_1_115' title='bbox 672 2026 751 2070; x_wconf 91' lang='lat' dir='ltr'><strong>cum</strong></span> <span class='ocrx_word' id='word_1_116' title='bbox 779 2001 1005 2069; x_wconf 75' lang='lat' dir='ltr'><strong>abominandis</strong></span> <span class='ocrx_word' id='word_1_117' title='bbox 1035 2001 1201 2090; x_wconf 85' lang='lat' dir='ltr'><strong>scripturis</strong></span> 
     </span>
     <span class='ocr_line' id='line_1_17' title="bbox 157 2113 1202 2203; baseline 0.001 -24"><span class='ocrx_word' id='word_1_118' title='bbox 157 2134 272 2180; x_wconf 89' lang='lat' dir='ltr'><strong>eorum</strong></span> <span class='ocrx_word' id='word_1_119' title='bbox 294 2114 444 2182; x_wconf 81' lang='lat' dir='ltr'><strong>severiori</strong></span> <span class='ocrx_word' id='word_1_120' title='bbox 468 2137 576 2203; x_wconf 87' lang='lat' dir='ltr'><strong>poenae</strong></span> <span class='ocrx_word' id='word_1_121' title='bbox 603 2113 732 2203; x_wconf 89' lang='lat' dir='ltr'><strong>subjici,</strong></span> <span class='ocrx_word' id='word_1_122' title='bbox 755 2113 803 2178; x_wconf 91' lang='lat' dir='ltr'><strong>ita</strong></span> <span class='ocrx_word' id='word_1_123' title='bbox 827 2124 864 2178; x_wconf 89' lang='lat' dir='ltr'><strong>ut</strong></span> <span class='ocrx_word' id='word_1_124' title='bbox 888 2113 1046 2179; x_wconf 88' lang='lat' dir='ltr'><strong>flammeis</strong></span> <span class='ocrx_word' id='word_1_125' title='bbox 1069 2113 1202 2201; x_wconf 83' lang='lat' dir='ltr'><strong>ignibus</strong></span> 
     </span>
     <span class='ocr_line' id='line_1_18' title="bbox 157 2221 1204 2312; baseline 0 -24"><span class='ocrx_word' id='word_1_126' title='bbox 157 2236 334 2292; x_wconf 85' lang='lat' dir='ltr'><strong>exurantur</strong></span> <span class='ocrx_word' id='word_1_127' title='bbox 344 2241 356 2291; x_wconf 73' lang='grc' dir='ltr'><strong>ε’</strong></span> <span class='ocrx_word' id='word_1_128' title='bbox 375 2237 611 2292; x_wconf 88' lang='lat' dir='ltr'><strong>consentaneos</strong></span> <span class='ocrx_word' id='word_1_129' title='bbox 633 2247 707 2291; x_wconf 87' lang='lat' dir='ltr'><strong>vero</strong></span> <span class='ocrx_word' id='word_1_130' title='bbox 729 2235 765 2290; x_wconf 88' lang='lat' dir='ltr'><strong>et</strong></span> <span class='ocrx_word' id='word_1_131' title='bbox 785 2223 945 2312; x_wconf 85' lang='lat' dir='ltr'><strong>usquead</strong></span> <span class='ocrx_word' id='word_1_132' title='bbox 960 2246 1017 2289; x_wconf 89' lang='lat' dir='ltr'><strong>eos</strong></span> <span class='ocrx_word' id='word_1_133' title='bbox 1035 2221 1204 2308; x_wconf 81' lang='lat' dir='ltr'><strong>(Resoridr&#39;t</strong></span> 
     </span>
     <span class='ocr_line' id='line_1_19' title="bbox 159 2331 1202 2423; baseline 0.001 -25"><span class='ocrx_word' id='word_1_134' title='bbox 159 2333 343 2423; x_wconf 79' lang='lat' dir='ltr'><strong>Gannegr&#39;ct.</strong></span> <span class='ocrx_word' id='word_1_135' title='bbox 356 2357 460 2423; x_wconf 89' lang='lat' dir='ltr'><strong>usque</strong></span> <span class='ocrx_word' id='word_1_136' title='bbox 474 2335 557 2400; x_wconf 83' lang='lat' dir='ltr'><strong>adeo</strong></span> <span class='ocrx_word' id='word_1_137' title='bbox 575 2336 702 2418; x_wconf 85' lang='lat' dir='ltr'><strong>omnes)</strong></span> <span class='ocrx_word' id='word_1_138' title='bbox 723 2333 945 2399; x_wconf 88' lang='lat' dir='ltr'><strong>contentiosos</strong></span> <span class='ocrx_word' id='word_1_139' title='bbox 968 2332 1074 2420; x_wconf 88' lang='lat' dir='ltr'><strong>capite</strong></span> <span class='ocrx_word' id='word_1_140' title='bbox 1094 2331 1202 2420; x_wconf 90' lang='lat' dir='ltr'><strong>puniri</strong></span> 
     </span>
     <span class='ocr_line' id='line_1_20' title="bbox 156 2428 1203 2532; baseline -0.001 -24"><span class='ocrx_word' id='word_1_141' title='bbox 156 2442 383 2532; x_wconf 79' lang='lat' dir='ltr'><strong>praecipimusr</strong></span> <span class='ocrx_word' id='word_1_142' title='bbox 405 2428 567 2510; x_wconf 82' lang='lat' dir='ltr'><strong>eteorum</strong></span> <span class='ocrx_word' id='word_1_143' title='bbox 587 2443 675 2509; x_wconf 87' lang='lat' dir='ltr'><strong>bona</strong></span> <span class='ocrx_word' id='word_1_144' title='bbox 693 2443 771 2508; x_wconf 84' lang='lat' dir='ltr'><strong>fisco</strong></span> <span class='ocrx_word' id='word_1_145' title='bbox 792 2453 903 2508; x_wconf 89' lang='lat' dir='ltr'><strong>nostro</strong></span> <span class='ocrx_word' id='word_1_146' title='bbox 925 2442 1078 2508; x_wconf 89' lang='lat' dir='ltr'><strong>vindicari</strong></span> <span class='ocrx_word' id='word_1_147' title='bbox 1097 2441 1203 2508; x_wconf 85' lang='lat' dir='ltr'><strong>sanci·</strong></span> 
     </span>
     <span class='ocr_line' id='line_1_21' title="bbox 157 2551 1201 2640; baseline -0.001 -23"><span class='ocrx_word' id='word_1_148' title='bbox 157 2573 242 2618; x_wconf 86' lang='lat' dir='ltr'><strong>mus.</strong></span> <span class='ocrx_word' id='word_1_149' title='bbox 286 2552 321 2617; x_wconf 90' lang='lat' dir='ltr'><strong>Si</strong></span> <span class='ocrx_word' id='word_1_150' title='bbox 335 2551 393 2640; x_wconf 90' lang='lat' dir='ltr'><strong>qui</strong></span> <span class='ocrx_word' id='word_1_151' title='bbox 404 2575 482 2619; x_wconf 86' lang='lat' dir='ltr'><strong>sane</strong></span> <span class='ocrx_word' id='word_1_152' title='bbox 496 2554 594 2620; x_wconf 88' lang='lat' dir='ltr'><strong>etiam</strong></span> <span class='ocrx_word' id='word_1_153' title='bbox 609 2551 770 2629; x_wconf 88' lang='lat' dir='ltr'><strong>honorati,</strong></span> <span class='ocrx_word' id='word_1_154' title='bbox 788 2564 846 2618; x_wconf 91' lang='lat' dir='ltr'><strong>aut</strong></span> <span class='ocrx_word' id='word_1_155' title='bbox 865 2551 1040 2640; x_wconf 89' lang='lat' dir='ltr'><strong>cujuslibet</strong></span> <span class='ocrx_word' id='word_1_156' title='bbox 1059 2551 1201 2639; x_wconf 89' lang='lat' dir='ltr'><strong>dignita-</strong></span> 
     </span>
     <span class='ocr_line' id='line_1_22' title="bbox 156 2660 1201 2752; baseline 0 -25"><span class='ocrx_word' id='word_1_157' title='bbox 156 2660 198 2727; x_wconf 85' lang='lat' dir='ltr'><strong>tis</strong></span> <span class='ocrx_word' id='word_1_158' title='bbox 219 2661 269 2727; x_wconf 89' lang='lat' dir='ltr'><strong>vel</strong></span> <span class='ocrx_word' id='word_1_159' title='bbox 290 2662 422 2752; x_wconf 87' lang='lat' dir='ltr'><strong>majoris</strong></span> <span class='ocrx_word' id='word_1_160' title='bbox 435 2684 583 2750; x_wconf 86' lang='lat' dir='ltr'><strong>personae</strong></span> <span class='ocrx_word' id='word_1_161' title='bbox 596 2661 639 2728; x_wconf 90' lang='lat' dir='ltr'><strong>ad</strong></span> <span class='ocrx_word' id='word_1_162' title='bbox 654 2660 738 2727; x_wconf 85' lang='lat' dir='ltr'><strong>hanc</strong></span> <span class='ocrx_word' id='word_1_163' title='bbox 752 2660 931 2726; x_wconf 84' lang='lat' dir='ltr'><strong>inauditam</strong></span> <span class='ocrx_word' id='word_1_164' title='bbox 945 2674 979 2728; x_wconf 89' lang='lat' dir='ltr'><strong>et</strong></span> <span class='ocrx_word' id='word_1_165' title='bbox 992 2675 1133 2750; x_wconf 81' lang='lat' dir='ltr'><strong>turpem,</strong></span> <span class='ocrx_word' id='word_1_166' title='bbox 1149 2670 1201 2727; x_wconf 88' lang='lat' dir='ltr'><strong>at·</strong></span> 
     </span>
     <span class='ocr_line' id='line_1_23' title="bbox 147 2769 1200 2861; baseline -0.001 -22"><span class='ocrx_word' id='word_1_167' title='bbox 147 2776 222 2861; x_wconf 76' lang='lat' dir='ltr'><strong>&#39;que</strong></span> <span class='ocrx_word' id='word_1_168' title='bbox 242 2792 300 2858; x_wconf 90' lang='lat' dir='ltr'><strong>per</strong></span> <span class='ocrx_word' id='word_1_169' title='bbox 322 2771 434 2839; x_wconf 89' lang='lat' dir='ltr'><strong>omnia</strong></span> <span class='ocrx_word' id='word_1_170' title='bbox 451 2772 607 2841; x_wconf 88' lang='lat' dir='ltr'><strong>infamem</strong></span> <span class='ocrx_word' id='word_1_171' title='bbox 631 2782 765 2852; x_wconf 84' lang='lat' dir='ltr'><strong>sestam,</strong></span> <span class='ocrx_word' id='word_1_172' title='bbox 786 2771 835 2837; x_wconf 90' lang='lat' dir='ltr'><strong>vel</strong></span> <span class='ocrx_word' id='word_1_173' title='bbox 857 2769 899 2836; x_wconf 91' lang='lat' dir='ltr'><strong>ad</strong></span> <span class='ocrx_word' id='word_1_174' title='bbox 922 2769 1104 2838; x_wconf 89' lang='lat' dir='ltr'><strong>doctrinam</strong></span> <span class='ocrx_word' id='word_1_175' title='bbox 1124 2773 1200 2838; x_wconf 91' lang='lat' dir='ltr'><strong>Per·</strong></span> 
     </span>
     <span class='ocr_line' id='line_1_24' title="bbox 155 2880 1200 2969; baseline 0.001 -21"><span class='ocrx_word' id='word_1_176' title='bbox 155 2903 277 2964; x_wconf 87' lang='lat' dir='ltr'><strong>sarum,</strong></span> <span class='ocrx_word' id='word_1_177' title='bbox 300 2904 336 2948; x_wconf 86' lang='lat' dir='ltr'><strong>se</strong></span> <span class='ocrx_word' id='word_1_178' title='bbox 359 2884 604 2964; x_wconf 86' lang='lat' dir='ltr'><strong>transtulerunt,</strong></span> <span class='ocrx_word' id='word_1_179' title='bbox 629 2903 743 2948; x_wconf 89' lang='lat' dir='ltr'><strong>eorum</strong></span> <span class='ocrx_word' id='word_1_180' title='bbox 764 2880 961 2969; x_wconf 85' lang='lat' dir='ltr'><strong>patrimonia</strong></span> <span class='ocrx_word' id='word_1_181' title='bbox 985 2882 1062 2949; x_wconf 88' lang='lat' dir='ltr'><strong>fisco</strong></span> <span class='ocrx_word' id='word_1_182' title='bbox 1088 2897 1200 2949; x_wconf 86' lang='lat' dir='ltr'><strong>nostro</strong></span> 
     </span>
     <span class='ocr_line' id='line_1_25' title="bbox 155 2990 1200 3082; baseline 0.002 -25"><span class='ocrx_word' id='word_1_183' title='bbox 155 2990 312 3058; x_wconf 85' lang='lat' dir='ltr'><strong>adsociari</strong></span> <span class='ocrx_word' id='word_1_184' title='bbox 327 2992 445 3058; x_wconf 73' lang='lat' dir='ltr'><strong>faciest</strong></span> <span class='ocrx_word' id='word_1_185' title='bbox 467 2993 554 3080; x_wconf 90' lang='lat' dir='ltr'><strong>ipsos</strong></span> <span class='ocrx_word' id='word_1_186' title='bbox 574 3014 705 3082; x_wconf 89' lang='lat' dir='ltr'><strong>quoque</strong></span> <span class='ocrx_word' id='word_1_187' title='bbox 725 2992 933 3074; x_wconf 89' lang='lat' dir='ltr'><strong>Forensibus,</strong></span> <span class='ocrx_word' id='word_1_188' title='bbox 950 2992 999 3059; x_wconf 88' lang='lat' dir='ltr'><strong>vel</strong></span> <span class='ocrx_word' id='word_1_189' title='bbox 1018 2992 1200 3060; x_wconf 88' lang='lat' dir='ltr'><strong>Proconen·</strong></span> 
     </span>
    </p>
   </div>
   <div class='ocr_carea' id='block_1_3' title="bbox 155 3100 1199 3350">
    <p class='ocr_par' dir='ltr' id='par_1_3' title="bbox 155 3100 1199 3350">
     <span class='ocr_line' id='line_1_26' title="bbox 155 3100 1199 3188; baseline 0.004 -22"><span class='ocrx_word' id='word_1_190' title='bbox 155 3100 247 3179; x_wconf 65' lang='lat' dir='ltr'><strong>sibus</strong></span> <span class='ocrx_word' id='word_1_191' title='bbox 264 3101 402 3167; x_wconf 81' lang='lat' dir='ltr'><strong>metallis</strong></span> <span class='ocrx_word' id='word_1_192' title='bbox 420 3102 500 3168; x_wconf 84' lang='lat' dir='ltr'><strong>dari.</strong></span> <span class='ocrx_word' id='word_1_193' title='bbox 543 3108 616 3167; x_wconf 78' lang='lat' dir='ltr'><strong>Haec</strong></span> <span class='ocrx_word' id='word_1_194' title='bbox 632 3109 783 3186; x_wconf 86' lang='lat' dir='ltr'><strong>desumpta</strong></span> <span class='ocrx_word' id='word_1_195' title='bbox 801 3117 885 3167; x_wconf 86' lang='lat' dir='ltr'><strong>erant</strong></span> <span class='ocrx_word' id='word_1_196' title='bbox 904 3127 940 3166; x_wconf 84' lang='lat' dir='ltr'><strong>cx</strong></span> <span class='ocrx_word' id='word_1_197' title='bbox 959 3109 1067 3168; x_wconf 87' lang='lat' dir='ltr'><strong>Codice</strong></span> <span class='ocrx_word' id='word_1_198' title='bbox 1086 3110 1199 3188; x_wconf 83' lang='lat' dir='ltr'><strong>Grego-</strong></span> 
     </span>
     <span class='ocr_line' id='line_1_27' title="bbox 155 3188 1199 3268; baseline 0.004 -22"><span class='ocrx_word' id='word_1_199' title='bbox 155 3190 239 3246; x_wconf 87' lang='lat' dir='ltr'><strong>riano</strong></span> <span class='ocrx_word' id='word_1_200' title='bbox 259 3190 293 3248; x_wconf 89' lang='lat' dir='ltr'><strong>in</strong></span> <span class='ocrx_word' id='word_1_201' title='bbox 310 3190 490 3267; x_wconf 80' lang='lat' dir='ltr'><strong>Collationern</strong></span> <span class='ocrx_word' id='word_1_202' title='bbox 511 3191 618 3265; x_wconf 80' lang='lat' dir='ltr'><strong>Legum</strong></span> <span class='ocrx_word' id='word_1_203' title='bbox 640 3190 756 3248; x_wconf 84' lang='lat' dir='ltr'><strong>Mosuic.</strong></span> <span class='ocrx_word' id='word_1_204' title='bbox 778 3196 805 3247; x_wconf 78' lang='lat' dir='ltr'><strong>et</strong></span> <span class='ocrx_word' id='word_1_205' title='bbox 824 3188 1024 3258; x_wconf 78' lang='lat' dir='ltr'><strong>Romanorum,</strong></span> <span class='ocrx_word' id='word_1_206' title='bbox 1038 3189 1138 3249; x_wconf 85' lang='lat' dir='ltr'><strong>Titnlo</strong></span> <span class='ocrx_word' id='word_1_207' title='bbox 1152 3213 1199 3268; x_wconf 33' lang='lat' dir='ltr'><strong>xv:</strong></span> 
     </span>
     <span class='ocr_line' id='line_1_28' title="bbox 156 3268 1098 3350; baseline 0.002 -23"><span class='ocrx_word' id='word_1_208' title='bbox 156 3268 204 3337; x_wconf 81' lang='lat' dir='ltr'><strong>Ile</strong></span> <span class='ocrx_word' id='word_1_209' title='bbox 215 3269 435 3330; x_wconf 49' lang='lat' dir='ltr'><strong>*Mathematicis</strong></span> <span class='ocrx_word' id='word_1_210' title='bbox 450 3281 481 3329; x_wconf 87' lang='lat' dir='ltr'><strong>st</strong></span> <span class='ocrx_word' id='word_1_211' title='bbox 493 3270 675 3340; x_wconf 49' lang='lat' dir='ltr'><strong>Manichaei&amp;</strong></span> <span class='ocrx_word' id='word_1_212' title='bbox 695 3291 725 3350; x_wconf 91' lang='lat' dir='ltr'><strong>p.</strong></span> <span class='ocrx_word' id='word_1_213' title='bbox 740 3271 799 3328; x_wconf 81' lang='lat'><strong>252</strong></span> <span class='ocrx_word' id='word_1_214' title='bbox 813 3270 882 3328; x_wconf 87' lang='lat' dir='ltr'><strong>edit.</strong></span> <span class='ocrx_word' id='word_1_215' title='bbox 898 3270 1098 3346; x_wconf 85' lang='lat' dir='ltr'><strong>Cannegieter.</strong></span> 
     </span>
    </p>
   </div>
   <div class='ocr_carea' id='block_1_4' title="bbox 539 3452 789 3524">
    <p class='ocr_par' dir='ltr' id='par_1_4' title="bbox 539 3452 789 3524">
     <span class='ocr_line' id='line_1_29' title="bbox 539 3452 789 3524; baseline -0.028 -11"><span class='ocrx_word' id='word_1_216' title='bbox 539 3520 541 3524; x_wconf 52' lang='grc'>,</span> <span class='ocrx_word' id='word_1_217' title='bbox 569 3452 789 3513; x_wconf 53' lang='lat'><strong>⁴4·-</strong></span> 
     </span>
    </p>
   </div>
   <div class='ocr_carea' id='block_1_5' title="bbox 153 3617 1198 4264">
    <p class='ocr_par' dir='ltr' id='par_1_5' title="bbox 153 3617 1198 4264">
     <span class='ocr_line' id='line_1_30' title="bbox 204 3617 1196 3698; baseline 0.005 -21"><span class='ocrx_word' id='word_1_218' title='bbox 204 3620 277 3678; x_wconf 80' lang='lat' dir='ltr'><strong>Cnn</strong></span> <span class='ocrx_word' id='word_1_219' title='bbox 300 3618 423 3696; x_wconf 88' lang='lat' dir='ltr'><strong>denique</strong></span> <span class='ocrx_word' id='word_1_220' title='bbox 442 3619 485 3677; x_wconf 84' lang='lat' dir='ltr'><strong>ita</strong></span> <span class='ocrx_word' id='word_1_221' title='bbox 498 3617 645 3697; x_wconf 84' lang='lat' dir='ltr'><strong>scripserit</strong></span> <span class='ocrx_word' id='word_1_222' title='bbox 658 3618 694 3675; x_wconf 88' lang='lat' dir='ltr'><strong>de</strong></span> <span class='ocrx_word' id='word_1_223' title='bbox 707 3617 779 3675; x_wconf 85' lang='lat' dir='ltr'><strong>Jesu</strong></span> <span class='ocrx_word' id='word_1_224' title='bbox 792 3618 823 3675; x_wconf 91' lang='lat' dir='ltr'><strong>in</strong></span> <span class='ocrx_word' id='word_1_225' title='bbox 837 3636 920 3698; x_wconf 84' lang='lat' dir='ltr'><strong>capp.</strong></span> <span class='ocrx_word' id='word_1_226' title='bbox 933 3618 1003 3678; x_wconf 83' lang='lat' dir='ltr'><strong>xlix.</strong></span> <span class='ocrx_word' id='word_1_227' title='bbox 1016 3630 1046 3679; x_wconf 90' lang='lat' dir='ltr'><strong>et</strong></span> <span class='ocrx_word' id='word_1_228' title='bbox 1056 3620 1075 3680; x_wconf 93' lang='lat' dir='ltr'><strong>l.</strong></span> <span class='ocrx_word' id='word_1_229' title='bbox 1087 3624 1196 3684; x_wconf 85' lang='lat' dir='ltr'><strong>Arche·</strong></span> 
     </span>
     <span class='ocr_line' id='line_1_31' title="bbox 155 3697 1195 3782; baseline 0.005 -24"><span class='ocrx_word' id='word_1_230' title='bbox 155 3699 231 3770; x_wconf 72' lang='lat' dir='ltr'><strong>lein,</strong></span> <span class='ocrx_word' id='word_1_231' title='bbox 253 3701 334 3776; x_wconf 83' lang='lat' dir='ltr'><strong>quasi</strong></span> <span class='ocrx_word' id='word_1_232' title='bbox 355 3719 440 3778; x_wconf 89' lang='lat' dir='ltr'><strong>super</strong></span> <span class='ocrx_word' id='word_1_233' title='bbox 461 3718 526 3757; x_wconf 89' lang='lat' dir='ltr'><strong>eum</strong></span> <span class='ocrx_word' id='word_1_234' title='bbox 548 3698 624 3776; x_wconf 88' lang='lat' dir='ltr'><strong>apud</strong></span> <span class='ocrx_word' id='word_1_235' title='bbox 647 3697 824 3776; x_wconf 87' lang='lat' dir='ltr'><strong>baptismum</strong></span> <span class='ocrx_word' id='word_1_236' title='bbox 846 3697 908 3777; x_wconf 87' lang='lat' dir='ltr'><strong>ejus</strong></span> <span class='ocrx_word' id='word_1_237' title='bbox 928 3702 1053 3759; x_wconf 83' lang='lat' dir='ltr'><strong>venisset</strong></span> <span class='ocrx_word' id='word_1_238' title='bbox 1074 3703 1195 3782; x_wconf 89' lang='lat' dir='ltr'><strong>Spiritus</strong></span> 
     </span>
     <span class='ocr_line' id='line_1_32' title="bbox 153 3779 1196 3852; baseline 0.004 -12"><span class='ocrx_word' id='word_1_239' title='bbox 153 3780 291 3849; x_wconf 82' lang='lat' dir='ltr'><strong>Sanctus,</strong></span> <span class='ocrx_word' id='word_1_240' title='bbox 305 3781 365 3838; x_wconf 84' lang='lat' dir='ltr'><strong>sive</strong></span> <span class='ocrx_word' id='word_1_241' title='bbox 379 3781 511 3838; x_wconf 86' lang='lat' dir='ltr'><strong>Christus</strong></span> <span class='ocrx_word' id='word_1_242' title='bbox 526 3779 594 3848; x_wconf 88' lang='lat' dir='ltr'><strong>Dei,</strong></span> <span class='ocrx_word' id='word_1_243' title='bbox 604 3798 655 3836; x_wconf 89' lang='lat' dir='ltr'><strong>seu</strong></span> <span class='ocrx_word' id='word_1_244' title='bbox 668 3788 771 3837; x_wconf 87' lang='lat' dir='ltr'><strong>natura</strong></span> <span class='ocrx_word' id='word_1_245' title='bbox 784 3779 910 3852; x_wconf 73' lang='lat' dir='ltr'><strong>Divina,</strong></span> <span class='ocrx_word' id='word_1_246' title='bbox 921 3781 1011 3839; x_wconf 79' lang='lat' dir='ltr'><strong>baud</strong></span> <span class='ocrx_word' id='word_1_247' title='bbox 1024 3782 1196 3843; x_wconf 81' lang='lat' dir='ltr'><strong>obliviscen-</strong></span> 
     </span>
     <span class='ocr_line' id='line_1_33' title="bbox 156 3860 1193 3943; baseline 0.004 -24"><span class='ocrx_word' id='word_1_248' title='bbox 156 3862 224 3920; x_wconf 91' lang='lat' dir='ltr'><strong>dum</strong></span> <span class='ocrx_word' id='word_1_249' title='bbox 238 3862 349 3918; x_wconf 85' lang='lat' dir='ltr'><strong>interea</strong></span> <span class='ocrx_word' id='word_1_250' title='bbox 360 3860 431 3939; x_wconf 86' lang='lat' dir='ltr'><strong>illud</strong></span> <span class='ocrx_word' id='word_1_251' title='bbox 445 3871 500 3931; x_wconf 84' lang='lat' dir='ltr'><strong>est,</strong></span> <span class='ocrx_word' id='word_1_252' title='bbox 514 3860 646 3918; x_wconf 85' lang='lat' dir='ltr'><strong>docuisse</strong></span> <span class='ocrx_word' id='word_1_253' title='bbox 659 3862 781 3918; x_wconf 86' lang='lat' dir='ltr'><strong>eundem</strong></span> <span class='ocrx_word' id='word_1_254' title='bbox 791 3860 966 3919; x_wconf 85' lang='lat' dir='ltr'><strong>Archelaum</strong></span> <span class='ocrx_word' id='word_1_255' title='bbox 980 3863 1010 3920; x_wconf 94' lang='lat' dir='ltr'><strong>in</strong></span> <span class='ocrx_word' id='word_1_256' title='bbox 1023 3883 1086 3943; x_wconf 89' lang='lat' dir='ltr'><strong>cap.</strong></span> <span class='ocrx_word' id='word_1_257' title='bbox 1096 3867 1193 3923; x_wconf 85' lang='lat' dir='ltr'><strong>xxxiv.</strong></span> 
     </span>
     <span class='ocr_line' id='line_1_34' title="bbox 156 3934 1196 4022; baseline 0.004 -24"><span class='ocrx_word' id='word_1_258' title='bbox 156 3939 292 4018; x_wconf 83' lang='lat' dir='ltr'><strong>alibique,</strong></span> <span class='ocrx_word' id='word_1_259' title='bbox 313 3953 485 4020; x_wconf 89' lang='lat' dir='ltr'><strong>conceptum</strong></span> <span class='ocrx_word' id='word_1_260' title='bbox 500 3940 590 3999; x_wconf 87' lang='lat' dir='ltr'><strong>fuisse</strong></span> <span class='ocrx_word' id='word_1_261' title='bbox 603 3941 738 3998; x_wconf 79' lang='lat' dir='ltr'><strong>divinitus</strong></span> <span class='ocrx_word' id='word_1_262' title='bbox 752 3940 912 3999; x_wconf 86' lang='lat' dir='ltr'><strong>Dominum</strong></span> <span class='ocrx_word' id='word_1_263' title='bbox 925 3943 1036 4013; x_wconf 86' lang='lat' dir='ltr'><strong>Jesum,</strong></span> <span class='ocrx_word' id='word_1_264' title='bbox 1051 3934 1108 4022; x_wconf 81' lang='lat' dir='ltr'><strong>quo</strong></span> <span class='ocrx_word' id='word_1_265' title='bbox 1122 3953 1196 4007; x_wconf 83' lang='lat' dir='ltr'><strong>tem·</strong></span> 
     </span>
     <span class='ocr_line' id='line_1_35' title="bbox 155 4021 1193 4101; baseline 0.004 -23"><span class='ocrx_word' id='word_1_266' title='bbox 155 4039 227 4100; x_wconf 88' lang='lat' dir='ltr'><strong>pore</strong></span> <span class='ocrx_word' id='word_1_267' title='bbox 248 4022 380 4079; x_wconf 83' lang='lat' dir='ltr'><strong>novimus</strong></span> <span class='ocrx_word' id='word_1_268' title='bbox 399 4032 518 4080; x_wconf 87' lang='lat' dir='ltr'><strong>auctore</strong></span> <span class='ocrx_word' id='word_1_269' title='bbox 539 4021 726 4098; x_wconf 86' lang='lat' dir='ltr'><strong>evangelista,</strong></span> <span class='ocrx_word' id='word_1_270' title='bbox 747 4022 886 4100; x_wconf 89' lang='lat' dir='ltr'><strong>Spiritum</strong></span> <span class='ocrx_word' id='word_1_271' title='bbox 909 4023 1046 4083; x_wconf 89' lang='lat' dir='ltr'><strong>Sanctum</strong></span> <span class='ocrx_word' id='word_1_272' title='bbox 1069 4043 1193 4101; x_wconf 59' lang='lat' dir='ltr'><strong>superne</strong></span> 
     </span>
     <span class='ocr_line' id='line_1_36' title="bbox 154 4103 1198 4264; baseline 0.004 -21"><span class='ocrx_word' id='word_1_273' title='bbox 154 4104 653 4264; x_wconf 43' lang='lat' dir='ltr'><strong>middelmede*</strong></span> <span class='ocrx_word' id='word_1_274' title='bbox 663 4103 1198 4247; x_wconf 53' lang='lat' dir='ltr'><strong>latttml&#39;lttd&#39;lffidr</strong></span> 
     </span>
    </p>

    <p class='ocr_par' dir='ltr' id='par_1_6' title="bbox 298 4227 1089 4255">
     <span class='ocr_line' id='line_1_37' title="bbox 298 4227 1089 4255; baseline 0.005 -12"><span class='ocrx_word' id='word_1_275' title='bbox 298 4227 305 4243; x_wconf 93' lang='lat'><strong>.</strong></span> <span class='ocrx_word' id='word_1_276' title='bbox 378 4246 383 4255; x_wconf 62' lang='grc'><strong>,</strong></span> <span class='ocrx_word' id='word_1_277' title='bbox 820 4227 832 4255; x_wconf 82' lang='grc'><strong><em>,</em></strong></span> <span class='ocrx_word' id='word_1_278' title='bbox 1087 4230 1089 4235; x_wconf 85' lang='lat'><em>·</em></span> 
     </span>
    </p>
   </div>
   <div class='ocr_carea' id='block_1_6' title="bbox 0 0 1348 4740">
    <p class='ocr_par' dir='ltr' id='par_1_7' title="bbox 0 0 1348 4740">
     <span class='ocr_line' id='line_1_38' title="bbox 0 0 1348 4740; baseline 0 0"><span class='ocrx_word' id='word_1_279' title='bbox 0 0 1348 4740; x_wconf 95' lang='lat' dir='ltr'><strong> </strong></span> 
     </span>
    </p>
   </div>
  </div>
 </body>
</html>
