2684 4740
128 350 369 420 ARCHELAI
388 351 445 417 ET
462 347 671 416 MANETIS
692 342 980 412 DISPUTA'l'lO.
1019 356 1077 425 197

32 521 120 592 ,terit
137 523 270 608 propria
287 523 403 587 virtute
422 522 546 586 vincere
562 521 702 596 leonem,
724 531 740 562 ¹
752 517 816 581 sive
837 536 916 600 pura
936 509 999 577 Dei
1022 532 1083 595 po·

41 631 159 710 tentia,
172 645 208 696 et
226 654 389 717 nunquam
408 630 565 694 machinis
579 626 784 716 quibusdam,
799 640 834 690 et
852 626 953 688 foveae
973 620 1082 699 haedo,

42 741 110 804 eive
124 761 215 825 agno
228 739 368 803 tradito?
400 739 466 802 Dic
480 737 560 800 mibi
575 738 671 800 eriam
688 735 779 811 illud,
795 734 822 797 si
837 733 956 820 pastori
971 753 1084 817 super·

43 848 153 913 veniat
170 849 235 925 leo,
255 870 318 911 non
337 847 467 909 habenti
485 867 570 925 oves,
590 843 668 929 quid
690 843 768 905 fiet?
807 840 975 926 ingenitus
996 838 1083 902 euim

43 971 107 1034 eet,
118 957 179 1043 qui
191 957 310 1020 dicitur
323 968 441 1041 pastor,
456 954 617 1040 ingenitus
631 973 761 1037 quoque
774 951 870 1014 etiam
887 949 951 1012 leo.
997 947 1085 1011 Cum

43 1086 127 1152 ergo
139 1065 286 1130 nondum
301 1078 386 1129 esset
399 1065 512 1142 bomo,
527 1064 712 1149 priusquam
734 1075 843 1145 pastor
860 1060 992 1123 haberet
1006 1078 1084 1142 gre-

44 1195 135 1261 gem,
149 1173 178 1236 si
192 1174 423 1258 supervenisset
436 1173 499 1251 leo,
514 1171 593 1259 quid
609 1171 716 1248 fiebat,
731 1170 807 1256 quia
823 1190 886 1232 nou
900 1181 968 1231 erat
982 1165 1085 1229 leonis

45 1282 321 1369 &priusquam
339 1283 452 1346 baedus
466 1284 571 1346 esset?
610 1283 750 1345 Munus
776 1301 904 1358 mxrr,
923 1280 993 1341 laeo
1012 1276 1087 1363 qui·

47 1390 121 1455 dem
138 1390 223 1454 nihil
244 1390 469 1467 manducabat,
491 1391 661 1454 exercebat
682 1403 790 1453 tamen
813 1387 968 1452 malitiam
994 1407 1087 1449 suam

47 1520 105 1584 per
124 1521 330 1585 quaecuuque
353 1513 480 1585 poterat
505 1499 655 1576 invenire,
677 1499 857 1562 discurrens
878 1519 936 1582 per
956 1495 1089 1559 vertices

48 1607 231 1684 montium3
244 1606 333 1692 quod
346 1607 374 1670 si
389 1607 561 1693 aliquando
576 1607 605 1670 ei
619 1607 716 1670 etiam
732 1628 806 1670 esca
819 1618 887 1669 erat
902 1605 1089 1683 necessaria,

49 1716 248 1802 uupiebatex
257 1716 381 1794 bestiis,
390 1740 462 1802 quae
473 1728 563 1780 erant
573 1717 633 1780 sub
645 1738 747 1802 regno
759 1738 829 1778 suo.
849 1716 1086 1778 Ancflunlus

53 1843 184 1902 mm,
197 1824 288 1910 Ergo
307 1824 402 1888 unius
423 1838 498 1889 sunt
517 1825 706 1889 substantiae
728 1823 851 1900 bestiae,
868 1845 940 1909 quae
961 1834 1035 1886 sunt
1057 1822 1091 1885 in

53 1952 156 2018 reguo
169 1931 315 2016 maligni,
329 1946 363 1996 et
376 1933 472 2012 lraedi,
487 1933 544 2019 qui
559 1947 635 1997 sunt
648 1933 680 1995 in
696 1953 797 2018 regno
810 1932 888 1996 boni
903 1931 979 1995 Dei.
1008 1931 1091 1993 MA·

56 2060 125 2104 nus
145 2060 277 2118 mm,
291 2041 409 2119 Absit3
432 2010 656 2129 nequfflrm3
676 2042 755 2106 nihil
770 2063 945 2106 commuue
959 2054 1019 2120 est,
1033 2062 1091 2104 ne·

58 2168 118 2234 que
137 2147 217 2233 ipsis
230 2147 273 2211 ud
287 2148 434 2229 invicem,
449 2172 553 2236 neque
567 2151 629 2231 his,
645 2173 719 2236 quae
733 2174 792 2216 sua
807 2166 891 2216 sunt.
937 2152 1093 2215 Aneun-

10 2348 12 2353 .
61 2277 153 2323 uuus
173 2278 304 2338 mxrr,
325 2261 420 2325 Unus
438 2272 537 2347 atque
557 2261 643 2324 idem
665 2275 715 2325 est
739 2284 816 2325 usus
836 2262 867 2323 iu
888 2281 963 2323 esca
980 2259 1092 2322 leonis.

10 2372 13 2443 ᾖ
63 2366 93 2431 Si
109 2367 196 2431 enim
216 2389 257 2431 ex
275 2368 412 2453 propriis
426 2368 598 2455 aliquando
612 2370 723 2434 bestiis
737 2369 885 2454 capiebat
898 2368 1021 2445 cibum,
1035 2366 1094 2430 ali·

10 2526 14 2559 2
66 2475 188 2560 quaudo
209 2488 245 2539 et
265 2475 307 2538 de
328 2476 379 2540 his
400 2478 477 2541 boni
497 2478 573 2557 Der,
595 2459 684 2542 nuira
703 2493 753 2542 est
774 2478 807 2540 in
829 2477 879 2541 his
904 2475 1095 2555 differentia,

66 2596 216 2669 qmntum
238 2585 281 2648 ad
298 2607 387 2650 escas
406 2587 556 2673 pertinet,
570 2600 604 2652 et
625 2611 665 2652 ex
685 2587 749 2651 boc
768 2598 901 2673 apparet
926 2586 1019 2650 unius
1041 2606 1096 2649 eus

68 2711 127 2758 me
139 2693 340 2759 substantie.
381 2695 475 2760 ysed
488 2696 576 2760 uliud
590 2696 654 2759 ulio
674 2696 774 2781 longe
794 2695 920 2758 differre
941 2695 1097 2779 ignoran-

69 2799 135 2866 ἴω
160 2802 284 2888 pastori
310 2802 531 2882 adscribimus,
555 2805 631 2890 quia
653 2826 718 2868 non
744 2817 853 2890 uptun
876 2825 997 2882 escam,
1019 2801 1097 2889 quin

70 2909 168 2991 petius
179 2909 319 2974 ulieuam
332 2912 463 2989 obtulit,
478 2913 526 2975 vel
547 2912 684 2999 projecit
704 2912 800 2976 leoni.
844 2910 914 2975 Aut
928 2912 1012 2974 forte
1026 2932 1097 2973 rur-

71 3014 331 3082 ruudiuimulure
343 3018 464 3098 voleus,
484 3019 570 3083 dices
590 3020 682 3098 mihi,
698 3019 773 3105 quia
790 3018 870 3083 nihil
889 3019 942 3081 leo
964 3017 1018 3081 illc
1042 3039 1100 3081 co-

70 3121 224 3189 mdabat.
268 3123 365 3188 Illum
388 3146 429 3188 ne
450 3124 562 3211 igitur,
578 3126 634 3212 qui
650 3126 821 3190 comedere
841 3126 1014 3203 nesciebat,
1030 3124 1100 3210 ipse

70 3229 107 3295 ud
124 3230 363 3296 comedendum
386 3233 526 3297 animum
553 3235 748 3319 provocavit,
770 3256 830 3298 nec
853 3233 922 3298 sola
944 3234 1036 3296 fovea
1057 3231 1100 3297 ad

70 3334 288 3426 decipiendum
312 3361 388 3404 eum
413 3342 462 3404 uti
488 3342 600 3419 voluit,
624 3342 651 3406 si
675 3357 782 3405 tamen
806 3341 870 3405 hoc
893 3341 1028 3425 dignum
1050 3352 1101 3404 est

71 3444 166 3511 lucere
183 3447 310 3525 Deum,
328 3462 363 3512 et
386 3449 479 3513 dolos
497 3449 685 3537 exquirere?
717 3452 760 3513 Et
781 3448 865 3512 sicut
882 3449 951 3511 Rex
971 3447 1100 3534 uliquis,

72 3549 151 3620 bellu
171 3555 237 3620 sibi
258 3555 360 3635 illato,
374 3578 574 3644 nequaquam
597 3558 728 3644 propria
745 3557 861 3621 virtute
879 3556 1028 3635 confisus,
1043 3557 1102 3622 sed

75 3657 294 3729 imbecillitatis
314 3687 382 3728 sue
394 3665 519 3730 'timore
537 3667 734 3751 perterritus,
750 3665 850 3729 muris
865 3665 934 3752 ipse
948 3667 1036 3731 urbis
1050 3667 1102 3731 in·

78 3766 185 3852 clusus,
208 3772 331 3837 vellum
353 3772 480 3860 aliaque
500 3772 700 3838 munimenta
719 3772 897 3852 circundat,
918 3795 955 3838 ac
977 3797 1102 3861 praepa·
1222 3846 1226 3851 ,

12 3942 15 3951 ’
104 3931 116 3961 ¹
128 3933 164 3981 ln
173 3934 260 3997 corrigi
275 3935 362 3983 debere
371 3937 466 3984 videtur
479 3935 551 3984 lectio
564 3937 653 3986 codicis
663 3937 865 4003 Casiuensiuqui
878 3938 990 3997 habena·
1002 3950 1025 3986 et
1033 3949 1105 4000 pura.

83 4008 119 4058 nbi
125 4013 247 4072 milueris,
258 4015 280 4061 ri
289 4026 322 4062 m
327 4026 396 4078 pm.

108 4094 119 4130 l
131 4094 207 4144 locus
217 4097 263 4144 iste
272 4097 368 4146 videtur
377 4100 518 4155 mendosus,
527 4113 573 4146 uec
581 4099 640 4160 quid
650 4100 696 4146 sibi
706 4100 766 4149 velit
774 4100 909 4149 Archelaus
918 4100 982 4148 clure
992 4099 1108 4163 iutelligi-

86 4175 123 4228 ¹⁸²¹r
131 4175 174 4224 niti
183 4176 307 4240 legumus,
317 4176 442 4226 Sedeba-
451 4179 480 4226 ab
489 4178 535 4226 alio
544 4178 607 4241 longe
616 4180 707 4244 differre
717 4180 737 4227 si
746 4181 853 4239 ὤσασκε,
862 4180 1011 4243 ignorantia
1021 4183 1110 4244 pastori

559 4341 582 4384 0
597 4337 616 4386 3
