2684 4740
375 304 610 373 APOLOGIA
632 307 718 375 PRO
738 308 951 378 ORIGENE.
1037 376 1040 383 ,
1114 329 1177 398 329

142 472 212 541 bris
230 474 415 541 testimonia
435 478 619 564 protulisse,
633 503 706 567 quae
729 481 896 547 innumera
914 481 1048 570 sparsim
1068 503 1124 569 per
1141 481 1181 547 li-

143 583 220 650 bros
238 585 308 672 ejus
330 587 534 652 manifestum
556 602 605 653 est
625 589 793 655 contineri.
835 593 936 657 Nunc
960 591 1001 655 ad
1021 613 1059 656 ea
1081 590 1178 656 etiam

144 715 202 780 per
216 716 275 758 nos
289 695 376 782 ipsos
394 683 671 783 respondebimus,
685 721 758 786 quae
777 699 806 763 ei
826 700 866 765 de
886 701 992 766 anima
1012 700 1181 788 objiciunt,

145 802 244 874 idest
259 806 347 892 quod
363 818 437 870 ante
452 829 569 893 corpus
584 830 654 872 earn
670 808 788 873 factam
802 809 888 876 dicat
906 811 1067 876 exsistere.
1112 810 1182 875 Sci·

143 935 205 982 ens,
224 937 363 1003 namque
383 918 478 982 etiam
502 918 590 983 istud
612 919 734 1006 dogma
749 919 790 986 de
805 921 912 986 anima
925 943 989 986 non
1003 935 1113 1008 aperte
1126 942 1182 985 ne-

143 1051 210 1116 que
225 1031 392 1096 manifeste
405 1032 517 1096 haberi
535 1032 569 1096 in
585 1033 810 1099 Ecclesiastica
825 1032 1064 1119 predicatione,
1080 1031 1189 1096 sicubi

145 1138 349 1204 occasionem
371 1140 510 1227 aliquam
532 1141 581 1205 vel
602 1142 816 1229 suspicionem
832 1142 940 1228 potius
954 1140 1138 1228 disputandi
1152 1140 1183 1205 ei

143 1247 319 1336 Scripturae
344 1272 449 1314 sermo
474 1251 650 1337 suggessit,
671 1250 844 1316 discutiens
868 1265 901 1315 et
926 1260 1122 1337 pertiactans
1144 1262 1184 1314 e'a
1282 1279 1283 1283 ¹

145 1380 220 1444 quae
243 1360 350 1424 sensui
369 1359 439 1447 ejus
453 1372 666 1442 occurrerant,
682 1360 890 1426 discernenda
910 1361 980 1427 haec
1002 1359 1183 1447 legentibus

145 1469 295 1555 exposuit
306 1483 339 1535 et
350 1470 526 1555 probanda,
539 1493 602 1535 non
615 1471 785 1538 manifesto
797 1471 964 1558 dogmate,
973 1471 1021 1535 sel
1037 1470 1182 1555 Scriptu-

144 1599 254 1644 rarum
276 1580 467 1646 sententiam
489 1602 579 1646 suam
604 1581 795 1647 auctoritate
817 1581 980 1660 definiens,
1000 1581 1184 1667 frequenter

145 1702 181 1753 et
195 1687 276 1753 illud
290 1689 433 1755 addens:
458 1696 479 1730 “
494 1691 528 1755 Si
547 1705 655 1756 tamen
677 1692 796 1757 habere
818 1692 940 1756 videtur
958 1702 1014 1755 aut
1028 1691 1183 1779 probatur
1198 1759 1200 1763 ,

145 1805 170 1839 “
184 1799 306 1887 aliquid
319 1802 554 1888 consequentia
572 1824 678 1867 sermo
693 1803 732 1881 is,
748 1825 843 1889 quem
860 1801 901 1866 dc
916 1801 1022 1868 anima
1035 1799 1183 1867 tractavi·

145 1914 170 1949 “
185 1911 290 1973 mus.''

189 2019 340 2108 Denique
361 2021 394 2086 in
417 2034 483 2086 tam
505 2022 614 2087 multis
637 2034 757 2087 ettam
778 2022 907 2088 diversis
921 2023 991 2110 ejus
1004 2021 1093 2088 libris
1108 2043 1183 2086 nus·

147 2151 246 2216 quam
261 2131 394 2196 omnino
410 2131 566 2196 invenitur
581 2131 623 2196 ab
639 2153 678 2196 eo
693 2131 774 2196 liber
788 2132 916 2218 proprie
931 2131 972 2196 de
986 2131 1093 2195 anima
1106 2152 1185 2196 con-

145 2240 297 2327 scriptus,
312 2240 395 2304 sicut
415 2240 514 2304 habet
533 2239 581 2304 vel
596 2239 636 2304 de
651 2241 823 2328 Martyris,
837 2241 886 2305 vel
901 2239 941 2304 de
955 2240 1120 2319 Oratione,
1137 2237 1186 2306 vel

146 2351 190 2414 de
205 2351 459 2416 Resurrectione.
503 2353 675 2438 Nusquam
696 2342 829 2437 prorsus
853 2351 971 2415 librum
995 2350 1123 2438 proprie
1144 2348 1185 2415 de

146 2459 269 2524 Anima
283 2460 438 2546 scriptum
452 2459 567 2538 edidit;
587 2460 643 2524 sed
654 2461 686 2523 in
697 2460 827 2524 diversis
840 2459 931 2540 loeis,
943 2460 1026 2525 sicut
1040 2458 1185 2546 superius

147 2572 299 2652 diximus,
314 2575 511 2640 incurrentes
531 2575 592 2639 sibi
615 2574 782 2661 opiniones
798 2597 838 2638 ex
853 2574 1025 2660 Scripturae
1041 2571 1185 2638 occasio-

148 2683 243 2748 nibus
270 2684 467 2749 disserebat:
495 2683 583 2771 quod
608 2683 716 2770 potius
740 2682 870 2746 maximi
893 2682 977 2767 signi
1001 2680 1184 2746 reverentiae

147 2791 219 2878 ejus
239 2814 276 2857 ac
297 2793 421 2858 timoris
443 2795 476 2859 in
499 2793 610 2859 divinis
631 2793 839 2879 dogmatibus
854 2814 924 2857 esse
939 2792 1082 2871 deberet,
1097 2789 1184 2878 quod
1276 2821 1281 2830 ·

148 2902 232 2968 tanti
246 2925 355 2968 sensus
370 2905 426 2981 vir,
442 2916 476 2968 et
490 2916 587 2968 tantae
602 2903 793 2989 prudentiae,
807 2923 883 2966 curn
902 2902 1014 2988 utique
1031 2901 1185 2987 magister

149 3021 234 3074 esset
248 3010 411 3089 Ecclesiae,
426 3004 458 3074 et
478 3024 567 3075 tanta
587 3011 627 3075 ab
648 3033 687 3075 eo
707 3009 793 3076 dicta
811 3011 1034 3089 scriberentur,
1053 3033 1117 3074 non
1137 3020 1187 3074 est

149 3140 246 3183 ausus
267 3118 299 3184 id
323 3120 383 3184 sibi
405 3121 604 3186 auctoritatis
626 3142 799 3200 assumere,
818 3134 856 3186 ut
873 3120 1000 3207 proprie
1020 3120 1060 3186 de
1080 3119 1186 3185 anima

147 3228 268 3295 librum
282 3229 390 3294 ederet
404 3230 568 3315 scriptum.
609 3229 824 3295 Proculdubio
838 3229 908 3293 haec
924 3229 1105 3293 observatio
1116 3227 1185 3314 ejus

146 3336 230 3407 illud
245 3337 374 3417 indicat,
390 3337 478 3424 quod
493 3338 571 3401 nihil
586 3337 726 3401 audebat
740 3336 780 3400 de
795 3336 855 3401 hac
870 3358 904 3400 rc
919 3337 1088 3401 manifesto
1103 3336 1188 3422 dog-

148 3460 237 3514 mate
251 3448 449 3512 confirmare.
484 3446 634 3532 Denique
649 3445 683 3509 in
697 3468 736 3510 eo
750 3447 833 3510 libro
849 3469 944 3533 quem
959 3448 993 3511 in
1008 3447 1187 3544 Epistulam

151 3557 303 3646 Apostoli
322 3557 364 3624 ad
383 3559 495 3622 Titum
517 3555 637 3635 scribit,
652 3555 840 3620 hereticum
861 3556 1054 3638 describens,
1069 3568 1102 3624 st
1117 3555 1187 3635 ani·

149 3692 214 3734 rnae
229 3670 347 3736 faciens
362 3667 572 3747 mentionem,
587 3666 658 3730 haec
670 3663 758 3730 dicit.

333 3840 510 3926 Responsio
524 3840 565 3905 ad
581 3853 726 3904 octavam
741 3837 1006 3904 criminationem.

551 3965 703 4032 CAPUT
733 3965 793 4028 IX.

578 4092 629 4156 De
646 4090 763 4157 anima.
813 4117 815 4122 ·

197 4219 412 4286 Oxlosnes.
442 4216 522 4282 Sunt
536 4214 926 4282 vero-introducentes.
