2684 4740
130 301 371 384 nubuntur
392 313 450 381 ur
467 313 674 382 Maurus
695 301 984 381 ursnuruno‘.
1024 313 1084 397 req
1120 315 1122 321 ’

25 525 28 529 ,
43 484 249 551 immunditia
265 485 394 572 plenum
408 487 482 550 est?
503 483 571 549 Aut
586 482 721 560 nescito,
736 483 811 570 quia
826 483 880 570 qni
893 482 990 569 fecit,
1005 481 1087 570 quod

32 594 127 681 soris
145 605 249 675 estset
268 595 350 682 quod
369 594 408 658 de
427 593 511 657 intus
530 602 587 672 est,
599 591 710 678 fecit?
738 591 897 679 Nunquid
913 593 952 656 de
967 591 1088 670 catino,

46 717 82 769 et
96 703 140 768 de
153 703 254 768 calice
266 704 482 792 loquebatur?
509 702 668 788 Nunquid
684 701 839 767 vitriarias
855 714 934 781 erat,
947 703 1003 788 qui
1016 702 1088 765 haec

46 812 190 894 dicebat,
202 827 259 878 aut
274 814 404 900 figulus,
419 834 459 877 ex
473 813 544 877 luto
559 812 683 897 fingens
698 814 792 875 vasa?
827 813 948 875 Nonne
961 812 1003 876 de
1017 830 1090 893 cor·

47 943 140 1008 pore,
163 923 393 1010 atque-anima
415 920 650 986 evidentissime
675 919 886 1005 loquebatur?
925 919 1090 1006 Quoniam

48 1029 181 1116 quidem
210 1029 384 1095 ⁸Pharisaei
407 1029 505 1108 aneti,
527 1043 560 1093 et
580 1027 688 1092 cimini
712 1027 854 1092 decimas
874 1039 1091 1114 expectantes,

49 1161 127 1224 quie
148 1151 239 1204 erant
259 1139 407 1225 graviora
429 1138 514 1225 legis
532 1137 765 1223 relinquebant,
788 1149 848 1200 zet
869 1135 1012 1223 hisquae
1034 1156 1091 1198 ex·

48 1249 210 1312 trinsecus
231 1261 334 1328 erant,
349 1249 536 1314 adhibentes
551 1247 763 1334 diligentiam,
778 1248 1028 1312 contemnebant
1042 1267 1091 1326 ea,

51 1378 126 1443 quae
148 1356 191 1420 ad
213 1357 349 1423 salutem
365 1358 480 1422 animae
496 1357 720 1444 pertinebant;
743 1357 978 1442 ⁹expectabant
992 1356 1092 1420 etiam

51 1467 263 1532 salutationes
278 1467 312 1531 in
327 1468 411 1548 foro,
425 1481 458 1533 et
479 1467 600 1553 primos
620 1465 822 1531 ³discubitus
836 1466 869 1530 in
884 1466 995 1542 coenis,
1012 1487 1093 1551 quos

51 1575 159 1639 sciens
179 1575 341 1640 Dominus
357 1577 451 1641 Jesus
472 1575 615 1662 perditos
634 1596 714 1652 esse,
730 1574 859 1639 dicebat
875 1576 933 1654 eis,
949 1576 1025 1659 quia
1044 1572 1094 1638 his

52 1683 133 1748 solis
154 1683 261 1762 rebus,
278 1707 352 1770 quae
373 1684 492 1749 deforis
512 1696 616 1762 erunt,¹
627 1683 817 1747 adhiberent
832 1682 1045 1768 diligentiam,
1060 1697 1095 1748 et

52 1808 95 1857 ea
108 1768 385 1878 quae'intrinsecus
400 1805 491 1858 erant
502 1805 756 1871 contemnerent,
767 1791 856 1856 velut
868 1792 986 1871 aliena3
999 1793 1095 1878 igno-

49 1913 163 1967 rantes
178 1901 330 1987 quoniam
351 1902 407 1989 qui
429 1923 545 1989 corpus
567 1903 697 1980 fecerat,
712 1902 781 1987 ipse
797 1901 874 1965 fecit
887 1913 921 1966 et
935 1902 1095 1967 animam.

53 2011 101 2074 Et
113 2010 186 2095 quis
205 2009 252 2075 ita
270 2010 415 2095 lapideus
435 2024 495 2090 est,
510 2022 544 2074 et
564 2010 712 2090 stolidus,
729 2022 767 2075 ut
790 2033 854 2075 non
875 2010 917 2075 ad
938 2013 1047 2076 omnia
1067 2012 1098 2078 ei

53 2117 118 2183 iste
132 2140 240 2182 sermo
254 2119 411 2183 sufficiat?
447 2119 511 2184 Cui
533 2118 674 2183 sermoni
696 2120 1019 2184 consonans'Paulus
1040 2121 1097 2200 ait,
1199 2120 1202 2122 ⁷

54 2226 269 2313 interpretans
293 2249 342 2306 ea,
369 2250 442 2314 quae
469 2228 501 2290 in
528 2226 601 2313 lege
626 2226 755 2313 scripta
771 2241 857 2306 sunt,
883 2228 949 2292 hoc
972 2228 1073 2293 modo
1088 2254 1099 2293 =¹

56 2336 153 2400 ,¹Non
168 2335 353 2422 infroenobis
368 2359 400 2400 os
415 2336 482 2401 boui
498 2336 673 2401 trituranti.
699 2336 852 2423 Mrnquid
864 2337 902 2400 de
919 2336 1008 2401 bolus
1024 2359 1101 2402 cura
1200 2420 1207 2428 ι

56 2458 103 2513 est
120 2449 217 2512 Deo?
237 2448 330 2513 bAut
341 2460 469 2533 propter
481 2470 537 2512 nos
550 2448 659 2535 atique
671 2448 777 2512 dicit?
806 2447 869 2511 Sed
885 2448 963 2532 quid
978 2449 1097 2513 immo·

56 2557 348 2623 ramurtulterius?
372 2557 518 2645 adjiciam
543 2571 650 2622 tamen
672 2578 775 2642 pauca
797 2555 838 2619 de
862 2555 1019 2642 pluribus.
1064 2556 1099 2621 si

57 2666 128 2734 duo
142 2670 218 2730 sunt
231 2665 386 2752 ingenita,
401 2676 435 2729 et
456 2665 506 2728 his
527 2666 610 2753 loca·
620 2676 707 2729 certa
724 2663 935 2743 decernimus,
948 2663 1101 2730 dividitur
1160 2675 1163 2679 ’

58 2776 167 2854 Deus,
182 2774 210 2840 si
226 2775 311 2840 intra
328 2788 453 2839 certum
473 2775 584 2839 locum
604 2786 663 2852 est,
678 2784 711 2836 et
729 2794 794 2836 non
814 2773 935 2859 ubique
949 2773 1101 2841 diffundi-

55 2897 127 2964 tur,
140 2895 175 2948 et
195 2883 256 2948 erit
277 2883 382 2948 multo
403 2882 533 2947 inferior
548 2882 634 2961 loco,
648 2881 682 2945 in
697 2903 763 2968 quo
778 2892 838 2960 est,
857 2884 884 2966 (⁰
895 2881 999 2967 majus
1014 2883 1100 2948 enim

61 2994 152 3081 quod
166 2992 311 3057 continet
325 3013 452 3078 semper
465 3012 517 3070 eo,
533 3012 630 3076 quem
645 2991 801 3073 continet)
816 3002 849 3054 et
861 2990 998 3055 efficitur
1011 2992 1101 3058 Deus

62 3102 135 3190 eJus
148 3100 393 3186 magnitudinis,
408 3099 501 3186 cujus
516 3113 565 3164 est
578 3099 681 3178 locus,
697 3099 729 3162 in
746 3121 812 3185 quo
828 3100 1023 3180 continetur,
1038 3101 1100 3166 sic-

62 3225 102 3275 ut
121 3209 235 3288 homo,
251 3206 334 3273 si'sit
349 3208 381 3272 in
397 3208 507 3272 domo·
555 3207 683 3272 Deinde
698 3208 780 3272 ratio
794 3208 938 3295 requirit,
953 3207 1024 3294 quis
1039 3223 1100 3290 est,

65 3318 122 3405 qui
139 3319 301 3383 intereos
322 3315 473 3395 diviserit,
487 3330 544 3379 aut
557 3314 629 3400 quis
646 3315 692 3380 eis
712 3315 817 3379 certos
830 3315 983 3378 terminos
998 3302 1104 3382 statu·

67 3426 138 3506 erit,
153 3437 188 3490 et
202 3424 360 3491 invenitur
375 3423 446 3510 jam
459 3436 596 3509 uterque
609 3424 714 3487 multo
729 3422 861 3488 inferior
875 3422 1024 3488 drirtutis
1039 3424 1101 3491 bu·

68 3679 74 3690 ,
98 3634 111 3661 ²
127 3630 158 3677 ln
168 3628 256 3676 eodem
266 3628 359 3685 codice,
371 3645 399 3674 ex
409 3627 450 3674 bit.

99 3719 110 3742 ¹
125 3709 175 3756 Hic
192 3709 254 3755 mire
269 3710 410 3770 depravatus
427 3717 463 3756 est
478 3709 555 3760 codex
570 3707 717 3766 casinensis,
734 3706 792 3770 legit
806 3709 884 3767 enirn,
896 3708 979 3771 primos
989 3709 1105 3773 dicipulos

70 3788 145 3836 subitos
156 3789 180 3835 in
191 3788 266 3846 coenir,
277 3789 336 3854 quod
343 3789 431 3837 scienter
443 3788 559 3837 Dominus.
586 3790 638 3837 Nos
647 3803 710 3855 eum
717 3801 748 3836 ex
756 3802 823 3837 sacro
835 3790 1071 3842 textorestituimus.

70 3892 74 3900 .
98 3865 221 3918 tntsltus
230 3868 339 3930 vulgata,
349 3869 387 3917 An
392 3878 483 3932 propter
493 3885 538 3916 nos.
677 3856 725 3917 η’

99 3951 157 4000 ‘Iu
168 3949 304 4007 Casinensi,
316 3949 397 4008 malus,
409 3949 479 4021 nullo
488 3964 571 3997 sensu·
777 3989 784 4016 ¹.

99 4028 111 4066 d
129 4030 194 4094 (For.
205 4031 354 4078 Groecismus
364 4039 407 4080 est.
424 4030 514 4078 Confer
523 4045 548 4092 p.
558 4037 614 4081 193.
626 4028 644 4076 1.
653 4041 677 4078 a.
688 4037 712 4078 et
723 4045 747 4092 p.
756 4041 813 4081 20⁵.
824 4030 842 4080 l.
850 4028 885 4092 2.)

129 4124 143 4158 ⁸
158 4129 222 4177 Mat.
230 4129 300 4178 xxiii.
310 4139 351 4179 aa.
447 4131 460 4166 ⁹
478 4129 537 4177 Luc.
547 4142 588 4178 xx.
598 4135 639 4180 46.
661 4127 723 4178 Mat.
731 4129 801 4179 xxiii.
810 4137 835 4180 ⁶.
858 4129 1040 4179 Maioribus.

132 4209 143 4240 ¹
162 4220 174 4259 t
183 4209 240 4260 Gor.
249 4210 285 4261 ix.
293 4222 317 4264 9.
