2684 4740
503 508 694 592 ACTA

100 689 517 769 DISPUTATIONIS
542 687 813 766 ARCHELAI
840 683 1088 786 EPISCOPI,

167 836 445 930 QbIFLORU1T
464 865 662 924 CIRCITER
680 864 748 922 AN.
769 860 935 920 CHRISTI
956 859 1027 927 278,

292 981 347 1042 ET
367 981 552 1040 MANETIS
574 977 908 1038 HAERESIARCHAE.

455 1170 736 1221 ...φ-...-

455 1328 514 1386 Vet.
529 1328 620 1384 Verrio
633 1328 746 1385 Latina.

77 1406 375 1544 THESAURUS
396 1477 499 1534 verus,
510 1431 576 1519 ¹sire
591 1455 768 1542 disputatio
782 1455 892 1522 habita
907 1455 939 1521 in
954 1455 1124 1521 ³Carchar

79 1562 209 1627 civitate
229 1565 490 1650 Mesopotamia,
508 1564 730 1651 judicantibus
745 1562 944 1651 bManippo‚
957 1577 991 1629 et
1005 1563 1122 1651 AEgia·

79 1669 146 1749 leo,
160 1683 194 1735 et
208 1668 358 1750 Claudio,
375 1685 408 1735 et
424 1671 596 1739 Cleobolo.
641 1674 678 1734 In
694 1694 758 1757 qua
773 1671 852 1735 urbe
871 1671 1124 1758 Mesopotamiae

81 1792 152 1844 erat
166 1777 296 1866 quidam
311 1779 368 1858 vir,
383 1779 560 1844 Marcellus
580 1779 722 1856 nornine,
738 1779 794 1865 qui
809 1779 883 1859 vita,
899 1792 933 1847 et
950 1781 1075 1860 studiis,
1091 1790 1125 1845 et

28 1884 34 1895 ’
80 1907 213 1972 genere,
235 1886 404 1972 prudentia
423 1908 565 1974 quoque,
582 1899 617 1949 et
638 1885 806 1950 honestate
827 1885 917 1950 valde
938 1888 1043 1952 clarus
1065 1885 1124 1952 ha·

80 1993 238 2072 bebatur3
261 1993 468 2060 facultatibus
491 1995 588 2058 etiam
615 1993 778 2079 copiosus,
805 2007 838 2058 et
862 1996 950 2082 quod
976 1994 1123 2060 omnium

80 2102 261 2168 maximum
275 2117 337 2182 est,
353 2102 592 2189 religiosissime
613 2103 723 2166 Deum
738 2102 868 2183 timens,
883 2118 916 2169 et
932 2105 982 2171 his
995 2129 1068 2193 quae
1084 2105 1126 2170 de

83 2211 217 2277 Christo
240 2211 441 2290 dicebantur,
465 2233 592 2297 semper
615 2232 689 2275 cum
713 2211 829 2277 timore
851 2213 1047 2294 auscultans,
1068 2233 1127 2279 nec

81 2320 258 2408 quicquam
273 2320 408 2385 omnino
428 2321 505 2385 boni
520 2333 599 2398 erat,
616 2319 705 2407 quod
725 2319 773 2383 illi
787 2318 853 2384 viro
869 2320 996 2386 deesset
1005 2344 1016 2401 ;
1039 2319 1126 2384 uude

81 2443 116 2495 et
139 2429 264 2495 honore
284 2429 424 2516 plurimo
445 2431 486 2494 ab
508 2429 652 2494 universa
674 2428 801 2493 civitate
823 2429 1002 2508 colebatur,
1024 2426 1126 2514 pluri·

81 2538 211 2625 misque
232 2537 300 2624 ipae
322 2537 484 2603 civitatem
507 2560 597 2602 suam
620 2539 804 2623 frequenter
825 2536 1051 2622 largitionibus
1077 2559 1128 2602 re·

82 2646 325 2725 munerabatur,
347 2648 541 2732 pauperibus
563 2647 717 2724 tribuens,
737 2644 872 2709 afflictos
895 2645 1048 2725 relevans,
1069 2645 1127 2711 tri-

82 2754 204 2819 bulatis
219 2755 374 2819 auxilium
391 2756 505 2819 ferens.
546 2754 609 2819 Sed
627 2776 666 2817 ne
679 2753 864 2818 infirmitate
879 2755 1048 2819 verborum
1065 2754 1127 2820 vir-

83 2863 209 2928 tutibus
230 2863 287 2927 viri
310 2862 504 2949 derogemus
528 2863 647 2947 potius,
671 2883 769 2948 quam
791 2861 891 2948 digna
911 2864 1126 2949 proferamus,

84 2971 157 3036 haec
180 2972 295 3036 dixisse
318 2972 473 3050 sufficiat3
497 2971 538 3035 ad
559 2993 642 3057 opus
661 2971 750 3057 quod
772 2973 973 3058 propositum
995 2988 1056 3052 est,
1073 2995 1128 3038 ve-

85 3082 185 3146 niam.
229 3082 381 3170 Quodam
401 3082 434 3146 in
454 3096 601 3168 tempore
617 3103 691 3145 cum
706 3082 869 3172 Archelao
884 3084 1036 3170 episcopo
1052 3106 1128 3171 cap·

83 3193 224 3258 tivorum
242 3195 417 3259 multitudo
433 3194 545 3259 fuisset
564 3193 673 3257 oblata
693 3215 714 3257 a
734 3194 902 3275 militibus,
918 3196 974 3280 qui
992 3197 1039 3259 ibi
1058 3217 1130 3259 cas·

84 3315 136 3366 tra
158 3301 336 3380 servabant,
356 3286 479 3388 septem
497 3300 600 3367 millia
620 3324 767 3380 numere,
785 3316 819 3366 et
840 3303 1048 3390 septingenti,
1063 3325 1130 3368 non

84 3397 259 3475 mediocris
281 3433 356 3475 eum
379 3409 564 3475 sollicitudo
584 3410 826 3488 constrinxerat,
841 3412 985 3498 eoquod
1004 3434 1062 3499 pro
1078 3433 1130 3478 sa·

82 3521 154 3585 lute
168 3519 314 3606 ipsorum
328 3543 442 3586 aurum
453 3544 473 3585 a
483 3522 639 3587 militibus
651 3537 857 3607 posceretur3
873 3525 928 3610 qui
943 3547 1019 3590 cum
1034 3524 1129 3590 dissi*-

85 3630 212 3695 mulare
225 3652 290 3693 non
305 3643 425 3716 posset,
441 3653 501 3718 pro
517 3631 671 3718 religione
685 3647 717 3697 et
738 3634 855 3698 timore
872 3634 938 3698 Dei
957 3634 1129 3699 vehemen-

482 3786 623 3832 Zacaourr
639 3787 734 3834 Nora.

84 3885 89 3891 ·
119 3882 132 3906 ⁸
148 3872 211 3920 Haec
221 3872 307 3920 eadem
319 3872 377 3920 urbs
389 3873 451 3920 infra
461 3887 515 3935 cap.
525 3881 548 3921 a.
563 3872 651 3921 Charra
661 3883 769 3931 vocatur,
779 3888 829 3922 non
846 3874 955 3933 carchar,
967 3884 1010 3923 aut
1021 3873 1129 3932 Curabar,

83 3962 116 4002 nt
131 3953 282 4015 Epiphanius
295 3953 376 4000 habet.
411 3953 494 4004 Quare
509 3953 640 4014 disputatio
655 3956 700 4000 ista
714 3954 796 4001 habita
808 3954 882 4002 fuisse
892 3956 987 4002 videtur
998 3953 1131 4016 apudrcar-

83 4035 143 4087 thas
159 4033 343 4082 celeberrimam
360 4034 546 4096 Mesopotamiae
562 4034 657 4081 urbem.
690 4034 751 4081 Vide
766 4035 838 4097 plura·
848 4037 873 4082 in
884 4037 1023 4097 praefatione
1037 4043 1129 4091 nostra,

84 4115 131 4163 ubi
142 4114 312 4165 ae-mcnetao.
351 4115 398 4178 [At
407 4116 456 4162 vid.
467 4115 773 4176 Gallandi,suprap.·1ao.
784 4127 808 4164 et
819 4125 873 4164 131.
886 4117 933 4163 vid.
945 4126 970 4162 et
980 4111 1083 4176 palan]

120 4193 138 4233 ¹¹
151 4194 287 4259 Μέςηποε
297 4206 398 4256 vocatur
407 4197 472 4260 apud
483 4196 651 4258 Epiphaniam
662 4196 686 4244 in
700 4195 792 4244 Haereat
804 4197 1001 4245 Manichaeorum
1010 4209 1082 4244 num.
1093 4205 1132 4246 10.
