2684 4740
156 308 224 383 320
405 292 441 358 s.
460 287 686 359 rausum
707 286 942 357 muncrum

157 461 209 529 his
223 461 280 551 qui
292 482 411 550 purum
424 459 602 542 hominem,
613 459 648 531 ld
661 471 722 541 est,
737 459 806 526 sine
820 458 907 540 Deo,
920 457 961 524 ab
975 476 1018 524 co
1031 455 1100 524 dici
1115 477 1193 524 asse·

86 606 90 614 ·
156 586 233 640 runt
247 571 426 640 Christum.

346 741 525 832 Responsio
537 741 580 808 ad
594 741 722 807 tertiam
735 738 1001 805 criminationem.

200 867 294 956 Quod
305 891 365 935 aaa
375 885 476 956 purus
489 868 588 950 mmo,
602 867 655 934 sed
668 867 785 934 divinoe
797 877 923 933 naturae
936 866 979 932 sit
996 863 1150 932 Christus.

338 995 392 1061 De
409 994 514 1083 primo
533 992 617 1059 libro
636 993 792 1080 Epistolae
806 993 848 1059 ad
862 993 1006 1059 Galatas.

196 1118 411 1188 Omoemus.
441 1123 497 1187 Ea
510 1145 542 1186 eo
558 1120 780 1209 qaod—-per
792 1120 954 1185 hominem.

198 1229 440 1296 aneuruus.
477 1233 561 1296 Haec
582 1229 617 1297 in
636 1230 729 1296 initio
755 1229 909 1319 Epistolae
937 1228 1058 1310 dicens,
1083 1228 1119 1293 in
1141 1244 1186 1297 st·

156 1339 330 1428 quentibus
348 1340 422 1405 libri
442 1339 541 1426 ipsius
557 1338 673 1405 similia
686 1337 816 1426 adjecit,
832 1359 993 1426 exponens
1008 1337 1093 1403 illud
1107 1336 1186 1424 capi·

154 1448 263 1515 tulum
283 1449 317 1513 in
340 1471 405 1537 quo
428 1448 581 1535 scriptum
603 1462 673 1515 est:
700 1449 845 1514 nillatum
867 1460 970 1514 autern
991 1447 1078 1512 volis
1089 1445 1185 1533 facio,

155 1559 293 1639 Fratres,
319 1558 514 1647 evangelium
539 1560 621 1648 quod
642 1560 815 1646 praedicavi
839 1560 932 1640 uobis,
958 1557 1110 1647 quoniam
1133 1578 1186 1622 non

152 1679 201 1735 est
214 1669 379 1734 secandam
397 1669 571 1736 tominem:
594 1692 692 1759 raeque
711 1670 792 1735 enirn
814 1693 869 1757 ego
889 1667 927 1733 ab
948 1667 1072 1732 domine
1091 1665 1186 1752 accepi

154 1776 246 1860 illud,
258 1779 313 1844 sed
320 1795 379 1864 per
390 1778 607 1845 revelationem
620 1782 695 1845 Jesu
712 1778 839 1844 Cleristi.

197 1888 413 1954 Onrenuss.
439 1889 606 1974 (Ibidem.)
623 1887 1069 1978 Adverteergo--loquitur
1083 1885 1185 1952 Chris-

153 2009 215 2064 tus.

147 2182 155 2196 ,¹
197 2108 438 2174 anenrnus.
474 2110 618 2196 Tempus
641 2123 690 2175 est
715 2112 765 2176 his
793 2109 839 2175 ita
866 2107 1028 2174 evidenter
1052 2107 1186 2175 ostensis

103 2236 104 2241 ’
153 2239 213 2282 nos
233 2218 330 2282 etiam
350 2218 392 2282 ad
411 2218 606 2305 insequentis
625 2219 854 2286 criminationis
877 2217 1006 2284 tendere
1026 2217 1185 2283 defensio·

143 2322 239 2406 nem,
265 2327 426 2393 brevitatis
449 2327 557 2392 studio
579 2349 756 2414 pancorum
783 2328 1041 2395 testimoniorum
1067 2328 1185 2414 proba·

152 2435 239 2501 tione
253 2447 432 2500 contentos.

331 2607 509 2694 Responsio
523 2608 565 2672 ad
579 2619 725 2694 quartam
740 2609 1006 2675 criminationem.

152 2742 324 2806 Adversum
339 2765 387 2807 eos
402 2744 456 2831 qui
470 2743 587 2824 dieunt,
604 2759 741 2829 mamper
754 2743 920 2832 allegorias
936 2745 1073 2809 adimere
1086 2743 1199 2823 omnia,

256 2875 329 2938 quce
343 2875 363 2916 a
380 2851 540 2917 Salvatore
555 2856 671 2939 scripta
684 2865 756 2918 sunt
771 2854 968 2940 corporaliter
971 2854 1080 2942 faeta.

193 2983 408 3049 Ostienses.
442 2985 553 3070 (lbid.)
571 2987 814 3075 Aidy'ungeadum
829 3000 1000 3053 est--en
1013 2987 1155 3053 muliere.

195 3094 434 3158 anrmnus.
466 3096 577 3182 ¹9uid
596 3111 661 3162 tam
683 3098 843 3162 evidenter
859 3109 916 3162 ant
934 3098 1071 3184 integre,
1086 3120 1182 3185 quarn

149 3228 188 3272 ex
202 3206 252 3269 his
268 3206 417 3270 omnibus
433 3229 506 3293 quae
521 3208 658 3294 scripsit,
674 3209 880 3274 confirmatur
893 3210 934 3274 ab
949 3231 999 3288 eo,
1014 3224 1048 3274 et
1065 3209 1182 3274 Domi-

149 3315 294 3380 nicorum
309 3329 475 3401 gestorum
492 3316 616 3395 veritas,
632 3329 665 3381 et
679 3317 820 3382 historiae
836 3318 1071 3404 scripturarum
1087 3318 1180 3383 fides?

148 3425 214 3491 Sed
234 3446 462 3511 persequamur
480 3439 713 3511 consequenter
733 3426 830 3490 etiam
851 3427 922 3507 alia,
938 3428 970 3491 in
992 3427 1110 3516 quibus
1129 3448 1182 3492 ac·

147 3546 277 3597 cusatur
300 3533 391 3618 qnasi
415 3532 497 3596 duos
523 3531 671 3597 Christos
694 3533 814 3614 dicens,
839 3559 940 3600 unum
964 3538 1076 3602 Deum
1098 3541 1179 3605 Ver·

146 3639 236 3728 bum,
253 3652 287 3705 et
299 3642 396 3705 alium
411 3643 521 3706 Jesum
539 3641 704 3708 Christum
720 3643 776 3730 qui
791 3667 831 3708 ex
846 3646 951 3712 Maria
967 3655 1137 3715 natusest.

122 3843 125 3848 ’
177 3866 186 3894 ¹
207 3863 270 3925 (For.
288 3861 354 3910 Ouid
370 3871 420 3909 tam
433 3864 529 3911 evidens
545 3873 588 3912 aut
601 3865 733 3926 integrum,
744 3881 819 3927 quam
830 3870 896 3930 quod
908 3871 953 3919 dic.
988 3868 1034 3920 Sed
1047 3873 1123 3923 editor
1134 3874 1179 3922 Be·

144 3944 280 3992 nedictinus
291 3943 393 3992 verbum
405 3945 546 4007 corfirmatur
556 3947 668 3993 censebat
679 3947 855 4010 repetendum.)
871 3980 886 4021 Α

542 4061 554 4089 fl
572 4058 650 4106 Galat.
664 4060 679 4107 i.
692 4071 731 4120 11,
744 4072 782 4111 12.
