2684 4740
226 305 465 374 ARCHELAI
484 308 541 373 ET
561 306 769 372 MANETIS
790 303 1081 370 DISPUTATIO..
1116 318 1177 390 205

144 477 216 564 quae
239 477 350 542 dicas?
395 479 536 541 Marses
562 499 690 556 nrxrr,
712 477 830 541 Habeo
852 473 982 562 quidem
1009 473 1122 552 multa,
1146 484 1181 539 et

144 585 261 649 borum
292 584 436 671 majora3
465 585 521 649 sed
550 585 600 649 his
628 596 798 649 eontentus
831 605 918 647 ero.·
940 583 1179 648 Aacuuaaus

145 714 275 773 mnu,
303 694 507 779 Exemplum,
535 694 668 774 scilicet,
696 693 893 779 accipiamus
916 714 955 756 ex
981 691 1042 770 his,
1067 712 1179 755 eorum
1215 746 1223 757 .

143 825 216 888 quae
228 802 346 866 habere
359 816 391 867 te
402 803 493 881 dicis,
502 815 545 868 -ut
560 805 586 867 si
600 804 671 868 haec
686 817 772 869 recte
785 804 891 889 posita
905 802 1024 867 fuerint
1040 802 1180 881 inventa,

143 911 240 975 etiam
256 910 381 995 reliqua
393 933 468 975 cum
485 911 534 975 his
549 911 820 990 adnumerentur3
844 912 893 975 sin
907 912 1025 989 minus,
1038 931 1094 974 ero
1115 930 1180 995 ego

146 1020 308 1085 obnoxius
326 1021 492 1086 sententiae
507 1022 528 1085 J
531 1020 675 1099 udicum,
690 1020 724 1084 id
739 1036 799 1099 est,
818 1021 892 1085 victi
908 1018 1119 1106 ignominiam
1134 1017 1182 1083 fe*

147 1151 229 1202 ram.
273 1128 333 1194 Ais
348 1149 428 1215 ergo
443 1129 655 1194 ministerium
674 1130 789 1196 mortis
809 1151 879 1193 esse
899 1129 1020 1213 legem,
1039 1140 1073 1191 et
1093 1127 1184 1193 Prin·

146 1240 252 1328 cipem
266 1241 363 1328 hujus
383 1241 498 1307 mundi
516 1254 669 1320 mortem,
688 1262 822 1327 regnare
840 1242 882 1305 ab
896 1238 1004 1303 Adam
1020 1259 1122 1324 usque
1141 1237 1184 1303 ad

148 1351 279 1426 Mosen,
297 1349 453 1435 scriptum
473 1362 522 1413 est
544 1349 643 1427 euim,
662 1348 720 1413 ²ln
738 1350 854 1436 eosqui
871 1347 956 1413 bnon
970 1356 1185 1432 peccaverunt.

148 1459 285 1521 Manes
311 1478 438 1537 nlxts,
464 1451 554 1543 Ergo
584 1480 672 1522 mors
700 1459 844 1543 regnavit
872 1458 940 1523 sine
970 1457 1082 1536 dubio,
1110 1456 1186 1543 quia

149 1565 286 1631 dualitas
305 1578 366 1645 est,
389 1589 448 1630 nec
471 1557 574 1645 aliter,
594 1565 654 1631 nisi
679 1576 808 1632 ‘essent
831 1566 985 1652 ingenita.
1029 1567 1185 1631 Ascua·
1238 1567 1242 1573 '

152 1683 250 1741 naus
272 1696 400 1752 nexta,
414 1678 457 1739 Et
471 1676 638 1762 quomodo
660 1659 910 1760 ingenita'mors
932 1688 1023 1739 certo
1043 1695 1083 1738 ex
1104 1685 1187 1738 tem·

150 1805 229 1870 pore
251 1785 343 1870 regni
368 1785 468 1850 sumit
489 1784 679 1849 exordium?
703 1784 744 1847 ab
766 1784 874 1847 Adam
897 1783 995 1861 enim,
1016 1781 1132 1869 inquit,
1153 1794 1189 1846 et

149 1915 214 1958 non
234 1893 316 1959 dixit
337 1907 411 1957 ante
433 1891 552 1959 Adam.
596 1895 736 1958 Mauras
759 1913 888 1972 n1x1a,
908 1891 1086 1979 Quomodo
1101 1913 1187 1971 vero,

150 2014 184 2068 et
201 2002 380 2089 justorum,
407 2014 441 2066 et
465 2014 671 2087 peccatorum
696 1995 872 2066 obtinuerit
901 2019 1049 2087 regnum,
1076 1999 1187 2065 dicito.
1244 2010 1245 2015 ’

151 2113 391 2177 Anastasius
413 2133 540 2193 nixis,
558 2113 644 2177 Cum
659 2113 746 2198 prius
766 2113 931 2178 confessus
949 2112 1059 2191 fueris,
1076 2113 1151 2198 quia
1170 2133 1190 2175 a

132 2235 309 2307 tempore,
323 2233 356 2285 et
371 2243 436 2286 non
450 2221 629 2286 aeternitate
643 2223 798 2308 regnavit,
812 2235 881 2286 tum
897 2221 1015 2286 dicam.
1047 2221 1187 2286 Manes

154 2349 287 2409 ntxru,
304 2329 468 2414 Scriptum
484 2322 538 2393 est'
548 2328 623 2409 hoc,
638 2331 715 2416 quia
730 2330 802 2394 3ΑΙ)
818 2331 924 2395 Adam
938 2351 1035 2415 usque
1053 2329 1096 2393 od
1113 2330 1191 2394 Mo·
1234 2335 1237 2338 ’

153 2457 204 2501 sen
220 2437 375 2524 regnavit.
418 2437 657 2502 Aacerauaus
677 2459 804 2518 mxra,
820 2441 909 2524 Ergo
922 2452 956 2502 et
971 2438 1066 2505 finem
1081 2420 1191 2521 babet,

155 2545 244 2632 quod
258 2547 359 2632 coepit
372 2545 437 2610 deu
452 2560 610 2632 tempore,
620 2563 653 2613 et
667 2573 776 2620 verum
791 2567 841 2615 est
855 2550 947 2630 illud,
963 2551 1051 2637 quod
1067 2551 1190 2618 dictum

156 2668 216 2733 est,
233 2655 314 2740 quia
333 2653 515 2739 ⁴Adscrptu
530 2667 575 2718 est
590 2679 672 2721 mors
687 2658 720 2721 in
738 2656 878 2722 violaria.
921 2657 1030 2722 Etiam
1048 2659 1193 2744 ingenita

156 2783 220 2826 non
244 2762 318 2841 erit,
345 2785 418 2848 quae
438 2775 471 2825 et
495 2762 624 2828 initium
649 2765 766 2830 habere
793 2778 1000 2843 monstratur,
1024 2779 1059 2831 et
1083 2767 1191 2831 finem.

155 2871 297 2934 Marsas
331 2892 356 2934 D
405 2892 459 2949 rr,
487 2872 578 2936 Deus
607 2895 687 2958 ergo
716 2895 788 2938 eam
815 2874 903 2939 fecit.
950 2875 1189 2940 Aacusaaus

154 2999 284 3057 mxr'r,
298 2980 351 3044 Ne
416 3002 532 3064 quam3
551 2982 651 3059 absit;
672 2967 775 3048 ⁵Deus
789 2986 871 3049 enim
885 2994 1014 3049 mortem
1028 2983 1190 3069 confecit,

151 3110 207 3153 nec
223 3088 356 3152 letatur
371 3089 404 3152 in
417 3089 589 3172 perditione
603 3092 752 3158 vivorum.
797 3095 936 3159 Mauras
955 3115 1083 3174 nrxrs,
1099 3095 1191 3160 Deus

150 3219 226 3262 eam
244 3218 309 3260 non
323 3196 412 3276 fecit,
434 3196 520 3262 facta
543 3211 651 3264 tamen
673 3213 734 3281 est,
757 3215 794 3267 ut
816 3202 881 3283 ais3
904 3225 924 3268 a
947 3225 1013 3289 quo
1034 3205 1194 3292 acceperit

183 3347 197 3385 b
216 3337 325 3397 lreriaeus
341 3363 438 3412 quoque
455 3351 498 3399 lib.
515 3361 538 3400 a.
556 3354 609 3401 adr.
626 3354 729 3405 haereses
745 3369 799 3416 cap.
817 3366 856 3405 so.
873 3368 932 3402 cum
949 3353 1068 3416 particula
1083 3356 1194 3416 negativa

146 3428 235 3478 laudat
245 3432 314 3477 hunc
325 3432 358 3478 D.
369 3432 436 3479 Pauli
448 3432 547 3480 locum:
565 3435 631 3482 unde
642 3445 707 3496 patet
715 3436 748 3483 D.
759 3436 928 3496 Augustinum
946 3436 971 3482 in
986 3434 1048 3483 libro
1059 3437 1089 3484 de
1100 3436 1193 3486 Peccat.
1262 3426 1267 3436 ⁸

148 3511 246 3559 meritis
264 3521 288 3558 et
302 3512 394 3558 remiss.
405 3512 448 3562 lib.
460 3513 476 3559 i.
488 3527 541 3575 cap.
555 3525 594 3562 11.
605 3524 669 3562 recte
682 3518 814 3575 censuisse,
831 3518 865 3564 ita
879 3517 910 3564 ad
926 3530 1062 3577 gracorum
1080 3519 1194 3569 codicum

148 3591 229 3639 fidem
240 3590 372 3653 legendum
385 3608 444 3651 esse,
456 3595 513 3642 licet
524 3596 549 3642 in
562 3595 647 3656 majori
658 3596 790 3646 latinorum
801 3600 916 3647 codicum
933 3609 998 3660 parte
1013 3601 1066 3649 sine
1080 3602 1197 3662 particula

150 3674 267 3734 negativa
281 3673 408 3735 legeretur.
436 3675 509 3722 Hanc
526 3685 608 3722 tamen
625 3687 773 3737 postremam
782 3679 912 3727 lectionem
924 3679 1010 3728 multis
1021 3683 1145 3731 contendit
1154 3696 1196 3730 ve·
1260 3677 1263 3686 ’

150 3767 208 3800 ram
219 3767 273 3801 esse
284 3753 393 3802 Hilarius
404 3755 529 3804 Diaconus
545 3757 572 3803 in
589 3761 769 3807 commentariis
784 3763 888 3809 adeum
905 3760 974 3808 Pauli
991 3761 1075 3810 locum
1092 3764 1155 3812 inter
1164 3763 1196 3813 1).
1276 3773 1279 3780 “

150 3833 278 3882 Ambrosii
294 3849 375 3894 opera,
391 3837 433 3882 sed
449 3837 502 3895 ejus
518 3837 670 3898 opinionem,
688 3849 772 3901 utpote
788 3841 897 3902 originali
909 3851 1009 3903 peccato
1020 3845 1195 3902 adversantem,

153 3914 239 3998 {eiecit
250 3914 367 3972 Ecclesia,
379 3931 436 3976 quae
446 3918 571 3977 probatam
583 3919 616 3966 D.
626 3920 765 3980 Augustino
776 3918 906 3970 lectionem
918 3923 944 3970 in
955 3922 1036 3974 latinis
1047 3939 1147 3989 quoque
1156 3939 1197 3974 sa·

155 3992 204 4042 crae
215 3995 346 4056 Scripturas
357 3997 481 4045 codicibus
493 3999 543 4045 huc
553 4006 632 4059 usque'
641 4001 746 4051 retinuit.

192 4080 204 4106 ⁶
222 4076 289 4138 (For.
300 4079 469 4137 reponendum
480 4076 553 4138 esset.)

190 4154 244 4203 dlu
256 4159 341 4205 codice
352 4157 477 4206 Catinensi
489 4159 618 4207 manifesto
628 4176 705 4210 errore
716 4163 837 4223 scribitur,
848 4165 945 4228 exemplo
954 4183 986 4215 re.
1058 4182 1079 4207 ·.
1118 4179 1123 4188 ·

192 4249 287 4305 'Rom
298 4267 322 4301 r.
336 4263 375 4304 14.
457 4253 555 4305 δῆσαι.
566 4253 625 4306 ibid.
710 4260 921 4313 nonnanes.
1006 4262 1165 4328 ’Seni-tu.
1245 4267 1260 4275 ”
