2684 4740
239 305 511 383 CONCILIUM
533 303 832 375 ARELATENSE
859 292 888 373 1':
1040 321 1080 394 97

72 475 187 563 Quouis
200 481 411 568 malignitatis
426 480 459 544 in
474 479 660 545 eorumdem
679 480 864 565 pectoribus
880 479 1081 566 perseverat?

71 587 179 672 Quoties
192 611 213 653 a
227 612 281 654 me
290 591 359 678 jam
376 591 446 676 ipso
461 588 703 675 improbissimis
717 589 910 653 aditionibus
926 587 992 652 suis
1006 599 1083 652 sunt

70 696 203 784 condigna
225 700 433 786 responsione
458 700 622 785 oppressi?
650 699 705 784 qui
732 699 844 786 utique
869 699 896 763 si
921 697 985 763 hoc
1007 710 1082 761 ante
1102 697 1106 703 ’

69 806 156 871 oculos
174 807 496 886 habere'voluissent,
510 807 643 871 minime
663 807 727 871 hoc
748 807 853 893 ipsum
876 806 1083 892 interposuis-

69 920 127 976 sentss
148 915 266 980 Meum
276 915 438 1002 judicium
450 914 627 1002 postulant,
639 915 695 1003 qui
708 916 776 1000 ipse
786 914 947 1001 judicium
961 912 1085 977 Christi

69 1035 215 1108 exspecto..
249 1024 336 1090 Dico
358 1024 446 1089 enim
471 1037 508 1089 ut
531 1047 566 1089 se
588 1025 702 1090 veritas
726 1025 847 1088 habet:
881 1022 1085 1087 sacerdotum

67 1125 200 1213 judicium
224 1132 271 1199 ita
292 1132 389 1199 debet
405 1135 537 1214 heberi,
556 1156 594 1200 ac
616 1136 643 1200 si
664 1137 733 1222 ipse
755 1135 919 1200 Dominus
944 1132 1086 1199 residens

68 1235 176 1323 judicet.
219 1245 312 1310 Nihil
327 1246 413 1310 enim
428 1247 505 1312 licet
518 1247 569 1312 his
584 1248 672 1314 aliud
687 1249 816 1328 sentire,
831 1249 880 1314 vel
895 1245 983 1312 aliud
996 1245 1086 1333 judi·

72 1367 132 1433 care,
144 1353 203 1416 nisi
219 1355 308 1441 quod
323 1355 446 1420 Christi
465 1357 653 1442 magisterio
670 1371 744 1423 sunt
758 1357 876 1424 edocti.
919 1355 1009 1444 Quid
1024 1355 1088 1441 igi·

73 1465 109 1522 tur
123 1462 265 1528 sentiunt
281 1465 418 1551 maligni
439 1463 599 1545 homines,
614 1466 719 1532 officia
734 1468 784 1551 (ut
799 1488 870 1532 vere
888 1464 1001 1548 ¹dixit)
1020 1463 1089 1528 dia·

51 1626 53 1632 .
72 1561 136 1634 boli?
161 1572 354 1659 Perquirunt
367 1573 544 1654 saecularia,
561 1575 776 1661 relinquentes
790 1575 973 1641 caelestiam.
998 1575 1092 1638 Ora·

73 1671 127 1743 bida
146 1681 263 1746 furoris
285 1682 435 1749 audacia!
460 1685 544 1750 sicut
565 1685 598 1750 in
620 1686 723 1750 causis
743 1685 890 1771 gentium
911 1683 976 1748 fieri
995 1682 1090 1762 solet,

72 1789 300 1873 appellationem
322 1793 594 1879 interposuerunt.
638 1793 802 1879 Equidem
820 1805 946 1879 gentes,
968 1790 1094 1854 minora

70 1892 214 1967 interdum
243 1900 369 1989 judicia
394 1902 603 1989 refugientes,
631 1903 688 1967 ubi
715 1903 842 1989 justitia
867 1900 1093 1988 ndeprehendi

68 1994 170 2090 potest,
184 2011 290 2097 magis
306 2011 347 2078 ad
362 2011 485 2098 majora
500 1997 627 2099 judicia
645 2013 836 2105 auctoritate
851 2011 1038 2097 interposita
1055 2010 1095 2075 ad

10 2146 12 2151 ·
65 2119 301 2205 appellationem
313 2142 348 2185 se
361 2121 504 2186 conferre
520 2133 595 2185 sunt
610 2122 723 2186 solitae.
746 2122 837 2188 Quid
851 2121 886 2187 hi
898 2122 1095 2187 detractores

61 2221 146 2314 legis,
164 2227 219 2315 qui
239 2242 410 2298 renuentes
431 2228 561 2293 caeleste
578 2227 754 2316 judicium,
774 2250 883 2294 meum
904 2240 1098 2317 putaverunt

57 2337 302 2425 postulandum?
319 2337 366 2403 sic
381 2339 497 2404 sentire
515 2337 763 2423 (sumentium)
782 2338 822 2403 de
838 2337 971 2405 Christo
987 2339 1097 2403 Salva·

57 2447 144 2511 tote?
172 2448 259 2510 Ecce
272 2449 342 2534 jem
356 2446 548 2534 proditores,
562 2468 638 2512 ecce
653 2447 720 2513 sine
736 2447 803 2513 ulla
818 2448 933 2513 acriori
947 2446 1099 2533 disquisi·
1170 2529 1175 2538 .

55 2553 156 2633 tione,
169 2553 230 2641 ipsi
242 2576 300 2642 per
313 2568 416 2620 semet
429 2556 642 2642 prodiderunt
654 2558 796 2623 facinora
807 2580 874 2622 sua.
897 2559 981 2644 Quae
993 2557 1034 2620 ab
1046 2557 1098 2642 ip·

53 2662 97 2728 sis
109 2663 248 2731 sentitur
262 2664 458 2744 humanitas,
468 2665 524 2751 qui
536 2678 552 2711 ⁰
561 2665 594 2730 in
607 2666 680 2751 ipso
695 2666 769 2730 Deo
781 2666 938 2730 immanes
952 2665 1099 2752 prosilie-

54 2774 151 2836 runt?
173 2772 348 2860 Equidem,
359 2775 472 2856 fratres
486 2774 653 2854 carissimi,
664 2774 741 2840 licet
753 2774 824 2839 haec
836 2774 870 2839 in
881 2774 957 2861 ipsis
972 2772 1100 2842 videan-

56 2893 110 2946 tur
124 2881 336 2968 deprehensa,
345 2882 554 2948 nihilominus
566 2902 633 2962 vos,
645 2883 700 2971 qui
716 2881 1038 2971 Domini'Salvatoris
1050 2904 1100 2947 se·

55 2990 195 3077 quimini
209 2991 303 3086 viam,
319 2992 506 3079 patientiam
522 2991 683 3071 adhibete,
697 2991 772 3057 data
786 2992 836 3057 his
849 2992 956 3058 adhuc
971 2993 1102 3078 optione

58 3100 137 3186 quid
151 3110 267 3187 putent
280 3100 506 3188 deligendum:
526 3123 564 3166 ac
578 3103 605 3166 si
620 3123 676 3167 eos
691 3103 725 3167 in
739 3102 863 3167 hisdem
876 3100 1016 3166 videritis
1030 3121 1104 3187 per-

59 3231 214 3288 severare,
224 3211 371 3296 protinus
385 3233 461 3275 cum
473 3210 524 3275 his
538 3232 624 3298 quos
635 3211 799 3288 Dominus
811 3211 928 3296 dignos
941 3210 1032 3274 cultu
1045 3230 1104 3274 suo

57 3317 227 3409 iudicauit,
241 3318 481 3404 proficiscimini
498 3328 531 3382 et
548 3318 651 3394 redite
669 3318 710 3383 ad
729 3319 872 3405 proprias
888 3316 1000 3414 sedesj
1023 3316 1104 3382 mei·

66 3449 125 3515 que
138 3440 354 3506 mementote,
370 3439 407 3491 ut
428 3426 492 3491 mei
513 3426 657 3492 Salvator
676 3441 785 3519 noster
807 3447 934 3512 semper
953 3424 1120 3488 miserm·-

67 3549 125 3601 tur.
171 3536 325 3602 Ceterum
338 3535 440 3600 direxi
454 3556 545 3609 meos
558 3534 719 3614 homines,
735 3535 791 3621 qui
809 3534 941 3600 eosdem
956 3533 1106 3599 infandos

72 3643 253 3731 deceptores
266 3625 432 3732 religionis
446 3643 591 3731 protinus
605 3643 646 3708 ad
658 3644 849 3710 comitatum
866 3665 973 3709 meum
989 3640 1108 3729 perdu-

10 3780 13 3831 ;
75 3765 152 3832 cant,
163 3766 200 3829 ut
215 3751 261 3818 ibi
275 3752 408 3837 degant,
419 3751 465 3816 ibi
480 3750 541 3825 sibi
555 3763 694 3825 mortem
709 3750 902 3838 pervideant.
924 3752 1012 3817 Dedi
1025 3773 1107 3841 quo·

107 3961 178 4015 lm.
188 3967 285 4016 dixisti:
293 3967 370 4030 seru,
381 3968 441 4015 dixi.
540 3973 559 3998 ¹¹²
576 3967 672 4030 Optatus
682 3968 726 4018 lib.
734 3969 750 4019 i.
763 3979 838 4016 contra
849 3969 955 4018 Parnm.
967 3969 1024 4034 (vid.
1036 3981 1111 4030 supra

84 4054 103 4101 p-
110 4043 156 4105 to.)
167 4046 304 4109 Augustinus
316 4058 355 4110 cp.
368 4055 423 4096 162.
434 4047 495 4094 docet
505 4048 561 4094 banc
575 4046 715 4096 Constantini
725 4049 832 4096 adversus
844 4049 973 4098 Donatistas
983 4037 1110 4097 detestatio-

88 4136 132 4182 ιω,
141 4126 171 4172 al
182 4126 306 4176 amtor·
315 4127 404 4175 Arelat.
412 4128 533 4195 pertinere.
553 4128 609 4176 Vide
617 4128 684 4176 etiam
694 4131 764 4192 epist.
775 4138 830 4178 16⁵.
843 4141 865 4179 et
878 4139 932 4181 16⁶.
1013 4133 1026 4160 ¹¹
1035 4128 1110 4192 forte,

91 4206 218 4264 ntentans.
232 4208 469 4273 (ssepnususse.)
538 4210 833 4273 0pr0tntpsumueum.
1090 4195 1092 4199 ’

122 4307 200 4356 VOL·
217 4314 271 4361 tv.
597 4315 621 4358 Η
