2684 4740
259 304 320 369 142
612 282 941 353 ARCHELAUS.

254 455 425 541 pecuniam
437 452 597 518 cenatica
608 475 749 530 sumens,
760 455 912 520 Trcmbis
924 454 1102 543 discipulos
1113 454 1157 521 a'd
1184 459 1302 541 uisivit,

253 563 391 625 quorum
419 561 500 604 unus
528 540 670 618 Thamar,
697 540 777 604 alius
801 539 905 617 Aldu,
931 542 1044 605 tertius
1071 555 1123 607 est
1186 568 1300 611 amar.

253 626 328 689 Hos
345 625 387 689 ad
406 623 644 710 praedicandum
663 625 774 703 libros,
789 647 873 711 quos
889 625 1078 725 scythianus
1089 630 1298 715 conscripse·

251 723 311 788 rat,
335 711 497 790 mittebat,
518 709 660 795 aquibus
685 709 831 794 plurinrae
855 710 1025 795 provinciae
1051 711 1085 775 in
1110 731 1297 781 memorata

251 808 338 859 secta
352 795 483 859 irretitae
497 808 582 858 sunt.
616 795 738 857 Tamen
754 796 869 880 etipse
886 795 1044 859 Carlicius
1059 809 1137 881 post
1151 810 1293 865 mortem

250 880 364 958 viduae,
391 880 565 943 immutato
590 879 651 942 sibi
679 879 809 944 nomine
832 881 954 943 Manen
978 902 1013 943 se
1037 902 1096 966 pro
1119 881 1291 949 hCurlricio

248 966 456 1114 nuncupavit,
474 964 530 1049 qui
551 963 724 1049 aliquando
746 987 765 1029 a
786 986 863 1050 rege
887 966 1052 1029 Persarum
1074 968 1291 1052 comprehen-

248 1071 313 1128 sus,
328 1062 362 1114 ta
374 1051 385 1114 i
399 1048 556 1113 sententia
571 1047 739 1114 damnatus
752 1062 812 1125 est,
828 1064 865 1114 ut
884 1050 1049 1114 hircorum
1068 1072 1163 1115 more
1181 1053 1290 1119 disco·

246 1134 357 1213 natus,
374 1148 445 1199 uter
466 1133 535 1219 ejus
555 1134 595 1196 ad
612 1150 737 1219 portam
740 1134 916 1282 penderet,
931 1154 1041 1199 carnes
1055 1158 1132 1200 vero
1146 1136 1288 1223 ejusve·

245 1218 388 1285 lucribus
409 1218 484 1283 coeli
497 1217 538 1281 ad
552 1240 660 1282 escam
680 1240 737 1304 pro
761 1232 880 1283 cenent.
924 1220 1007 1284 Haec
1022 1219 1069 1285 ita
1084 1242 1157 1287 esse
1172 1223 1288 1289 melius

246 1326 341 1368 nosse
355 1305 521 1390 cupientes
536 1303 732 1368 Archelaum
748 1304 884 1389 legana]
936 1334 939 1339 ·

244 1410 247 1415 ·
290 1389 402 1453 Petrus
424 1388 618 1461 Lambecius
637 1387 693 1452 lib.
707 1389 751 1453 iii.
767 1388 979 1453 Bibliothecae
996 1390 1158 1455 Caesareae
1173 1392 1286 1459 codiee

246 1493 309 1538 xr..
323 1474 369 1538 ait
382 1474 416 1538 in
431 1495 472 1538 eo
485 1473 597 1537 codice
613 1473 768 1538 contineri
782 1474 936 1561 anonymi
952 1474 1122 1562 cujusdam
1143 1479 1285 1545 auctoris

242 1559 407 1644 epitomen
427 1557 635 1644 expositionis
649 1560 807 1623 variorum
831 1560 1024 1624 Sanctorum
1043 1560 1189 1638 Petrum,
1203 1562 1285 1629 alio-

241 1666 380 1730 rumque
399 1658 542 1709 veterum
565 1642 764 1791 Scriptorum
789 1643 1101 1724 Ecclesiasticorum,
1123 1646 1159 1709 in
1180 1648 1284 1713 Evan-

241 1728 328 1876 5elia
345 1728 523 1794 secundum
545 1728 633 1792 Matt

659 1751 756 1808 aeum,
772 1730 907 1806 Lucam,
921 1742 955 1792 et
966 1731 1139 1809 loannem,
1155 1743 1190 1795 et
1204 1732 1282 1799 sub·

266 1815 302 1892 it,
320 1816 477 1879 Caeterm
491 1812 573 1899 quod
590 1812 631 1875 ad
645 1824 783 1877 auctores
803 1812 946 1898 antiquos
960 1812 994 1877 in
1006 1814 1153 1901 margine
1167 1815 1212 1879 ilri
1224 1838 1282 1881 aa·

242 1910 373 1977 notatos,
388 1922 428 1963 ex
443 1919 571 1996 qaorum
590 1898 728 1980 operibns
745 1896 875 1983 epitome
897 1899 960 1962 isto
978 1898 1106 1963 collecta
1127 1911 1187 1979 est,
1202 1901 1282 1965 arci-

241 1994 306 2061 net‚
332 1983 356 2046 ii
386 1984 491 2047 ordine
515 1981 705 2066 alphabetico
731 1993 801 2047 sant
831 1981 875 2062 lci,
899 1982 1096 2067 Apollinaris
1121 1984 1282 2071 episcopus

240 2067 443 2148 Laodicenos,
469 2067 502 2132 S.
522 2066 695 2132 Archelaus
718 2067 883 2132 Casclrarce
906 2066 939 2130 in
961 2069 1194 2153 Mesopotamia
1216 2070 1282 2155 epi·

239 2152 345 2236 scopus
360 2154 419 2218 &c
467 2155 557 2238 [Hoc
569 2152 721 2216 Archelai
738 2155 968 2239 Fragmentum
982 2174 1022 2217 ex
1035 2152 1151 2218 eodem
1168 2154 1282 2221 codice

238 2238 458 2324 manuscripto
473 2237 589 2302 addere
601 2238 672 2323 jam
685 2238 801 2322 licuit.]
884 2243 887 2248 ’

239 2352 245 2359 ·
280 2325 330 2387 Ex
345 2323 572 2388 recentioribus
587 2322 626 2385 de
640 2323 802 2387 Archelao
818 2324 963 2388 scribunt
976 2321 1162 2387 Ludovicus
1180 2324 1284 2391 Ellies

237 2405 283 2473 du
299 2408 354 2472 Pin
370 2409 403 2472 in
419 2430 500 2471 nova
519 2407 819 2472 Ecclesiasticorum
840 2408 1039 2494 Scriptorum
1059 2407 1278 2487 Bibliotheca,

235 2502 269 2556 et
284 2493 466 2558 Gulielmus
482 2493 568 2559 Cave
582 2493 614 2557 in
629 2493 927 2558 Ecclesiasticorum
942 2493 1144 2578 Scriptorum
1161 2494 1279 2561 Histo-

234 2577 282 2641 ria
295 2578 444 2644 literaria.

231 2736 234 2743 ’
267 2765 280 2793 e
300 2762 355 2824 [ror.
370 2748 507 2827 currant]
607 2759 733 2814 ‘viderur
743 2763 874 2826 regendum
886 2776 938 2814 aa.
1041 2763 1279 2833 susm-an.

235 2825 249 2864 ¹¹
265 2826 321 2877 MS.
335 2826 471 2877 Curiicium.
