2684 4740
165 285 211 336 η-
489 267 909 339 ἈΝΝΟΤἉΤΙΟΝΕ8”
964 274 968 282 ’
1082 279 1085 287 ’

165 435 361 503 tans'veram
379 436 573 524 scripturam
589 440 734 525 reposuit
743 465 759 520 ;v
776 442 825 519 τὴν
843 439 971 527 rroiprar'
988 439 1057 527 e‘go'
1070 440 1206 530 adeptus

165 545 249 602 rum,
264 545 363 609 quem
383 523 503 609 priores
523 524 571 589 illi
589 526 697 592 adhuc
716 525 894 591 ornandam
911 526 1118 612 reliquerunta
1150 530 1206 594 An

164 609 242 672 boni
258 607 336 695 quid
355 630 395 672 ex
415 607 466 672 his
483 609 583 675 literis
597 625 664 675 tam
680 612 767 676 foede
785 612 965 677 immutatis
979 613 1133 700 expiscari
1143 635 1207 708 pof

165 704 294 774 tuensn,
308 693 446 758 aliorum
457 694 617 791 judicium
634 710 716 762 esto.

503 872 875 934 ...ψ’
915 921 919 928 .

208 1011 244 1101 154
255 1045 286 1102 δι
300 1035 323 1100 1.
335 1047 365 1112 7.
390 1081 399 1098 .
413 1033 593 1134 ...quibus
606 1047 715 1100 tamen
730 1035 886 1124 interfuit]
901 1037 936 1102 Si
950 1035 1076 1104 Christi.
1086 1039 1206 1106 Domi⁴

163 1120 200 1186 ni
211 1142 261 1186 res
275 1126 466 1207 gestae,.n'on
481 1121 542 1206 rpsi
557 1120 1005 1208 apostoli„hicdesignentur',
1020 1125 1205 1190 contradicts

161 1208 225 1272 erit
237 1206 411 1306 fragmenti
424 1206 552 1270 Auctor
562 1207 666 1271 serbis
678 1207 795 1293 Papiae,
807 1207 874 1292 qui,
887 1224 925 1273 ut
936 1212 1034 1295 supra
1045 1210 1091 1274 ad'
1099 1210 1167 1274 vol,
1177 1212 1204 1275 1:

163 1313 197 1380 p.
209 1306 258 1356 lat
271 1292 422 1368 vidimus,
434 1307 573 1356 veterem
583 1293 806 1377 presby-terum
819 1307 948 1359 secutus
960 1294 1023 1358 hoc
1036 1294 1076 1358 de
1087 1296 1204 1375 Marco

163 1377 317 1464 negabat,
331 1398 451 1463 nempe·
466 1398 541 1441 curn
560 1391 617 1441 aut
636 1377 741 1462 ipsum
763 1377 943 1444 Dominum
964 1380 1132 1460 audivisse,
1147 1377 1207 1446 aut

163 1474 322 1528 sectatum
338 1484 419 1541 esse,
434 1461 523 1548 quod
538 1460 723 1548 quidemex
736 1466 794 1527 ore
810 1464 989 1552 presbyteri
1003 1486 1022 1528 a
1039 1465 1137 1551 Papio
1150 1482 1205 1529 ac:

163 1556 295 1634 ceptum
305 1547 383 1611 dein·
392 1547 630 1632 Hieronymum
640 1548 864 1634 suffragiosuo
876 1549 1091 1615 stabilientem
1104 1549 1206 1615 hebes

163 1632 199 1698 in
212 1633 375 1698 Prooemio
389 1631 613 1696 Commentarii
619 1633 935 1718 superstantem.
958 1637 1065 1701 Taceo
1080 1634 1206 1700 denliis

162 1719 318 1820 patribus.
361 1719 484 1782 Temen
499 1739 660 1818 perquam
682 1731 761 1783 nota
778 1731 829 1784 est
849 1720 890 1785 de
910 1721 1026 1784 Marco
1046 1720 1207 1785 contraria

161 1803 219 1868 rlls
237 1803 379 1881 traditio,
394 1825 436 1867 an
455 1816 488 1867 et
509 1803 688 1867 certrssima
708 1804 753 1868 sit
768 1804 895 1883 dubito,
911 1805 953 1869 ab
970 1805 1153 1891 Epiphanio
1171 1806 1205 1872 in

164 1888 293 1954 Hrr‘resi
306 1888 340 1953 li.
358 1891 388 1972 ξ.
401 1895 432 1952 6.
455 1901 719 1969 commemorate,
740 1889 852 1976 queis
874 1889 1031 1955 statuitur
1046 1891 1146 1957 fuisse
1167 1911 1207 1956 ex

164 1973 330 2061 discipulis
347 1994 479 2052 nuum
502 1972 591 2059 quod
610 1973 695 2038 idem
716 1974 757 2038 de
778 1975 812 2039 S.
827 1997 959 2062 quoque
978 1977 1073 2040 Luca
1088 1976 1129 2041 eb
1150 1996 1207 2040 eoi

163 2060 239 2125 d'em
261 2058 443 2146 Epiphanio
463 2071 608 2123 narratur
627 2060 668 2123 ad
689 2061 720 2142 ξ.
731 2059 774 2123 xi.
789 2072 887 2146 prout
902 2059 943 2126 de
956 2075 1097 2146 utroque
1109 2081 1206 2126 even·

162 2146 282 2232 gelista
301 2145 391 2232 prius
411 2143 553 2230 positum
575 2144 697 2208 eratob
712 2145 798 2210 eoin
815 2145 941 2230 Hoeresi
953 2167 1006 2210 ns.
1022 2148 1054 2233 ᾗ.
1066 2157 1100 2210 4.·
1119 2146 1206 2232 Hip·-

163 2231 315 2380 pol‘yturn
331 2243 457 2308 secuto,
473 2227 500 2293 si
517 2229 723 2312 testimoniis,
739 2252 812 2318 quae
830 2231 991 2296 collocata
1003 2243 1114 2296 sunta
1124 2231 1207 2296 Mil·

178 2316 211 2380 io
231 2329 310 2380 ente·
324 2314 511 2400 Evangelia,
528 2315 739 2380 credendum.
787 2317 865 2382 Hoc
887 2329 994 2380 autern
1016 2337 1095 2381 cum·
1115 2315 1208 2381 initio

165 2400 323 2487 euangelii
342 2401 376 2465 S.
390 2402 490 2466 Lucae
505 2399 556 2464 vix
569 2400 734 2465 conciliari
746 2421 853 2486 posse,
869 2401 969 2465 multi
982 2400 1039 2465 viri
1060 2401 1210 2480 docthsi-

163 2487 210 2551 rni
225 2486 465 2564 existimarunt,
480 2507 596 2572 neque
614 2485 653 2551 id
669 2486 788 2565 miror3
812 2497 869 2552 sot
892 2487 921 2552 si
939 2486 1036 2552 fuerit
1063 2503 1209 2573 uuquam
1239 2509 1243 2521 ·

163 2571 302 2638 Domini
322 2571 498 2659 discipulus
516 2573 633 2651 Lucas,
646 2583 734 2636 certe
753 2594 841 2638 unus·
854 2577 908 2636 τῶν
928 2573 976 2636 ἀπ’
992 2577 1084 2658 ἀρχῆς
1100 2573 1209 2636 asena

164 2665 218 2723 τῶν
240 2659 267 2723 is
288 2679 356 2722 non
376 2657 502 2723 videtur
523 2657 633 2736 fuisse,
650 2656 707 2743 qui
724 2657 771 2722 ita
789 2657 953 2736 scriberet,
970 2656 1063 2733 καθὼς
1080 2655 1207 2748 παρέδο-

165 2767 220 2807 σαν
236 2747 300 2825 ἡμῖν
313 2749 337 2806 oi
351 2743 398 2804 ἀπ’
414 2746 506 2827 ἀρχῆς
522 2743 650 2804 αὐτοὴαὶ
669 2743 719 2804 καὶ
738 2741 867 2828 irmpe‘rup
884 2741 1084 2826 postponenti
1099 2740 1207 2828 Myos.

166 2826 339 2892 Consentit
362 2847 439 2891 cum
459 2825 533 2894 viris
560 2825 623 2890 illis
648 2825 781 2890 eruditis
804 2826 979 2913 fragmenti
1003 2828 1142 2906 Auctor,
1169 2840 1210 2892 ut

164 2934 243 2980 mox
258 2911 390 2990 uidebis,
406 2913 507 2976 Lucae
521 2910 716 2997 discipulatu
735 2924 866 3000 negato,
881 2912 1042 2980 consentit
1055 2925 1089 2978 et
1103 2915 1208 2978 Euse-

164 2998 240 3063 bius
258 2997 290 3062 in
308 2996 365 3061 lib.
378 2996 424 3061 iii.
441 2996 531 3062 Hist.
548 2995 638 3065 Eccl.
653 3018 748 3086 capp.
760 3011 791 3062 4.
807 3009 842 3062 et
854 3010 905 3062 24.
926 2997 983 3098 qui
1002 3009 1036 3062 et
1055 2998 1092 3062 in
1108 2998 1168 3063 lib.
1184 2997 1207 3062 i.

165 3105 195 3148 e.
209 3099 255 3148 12.
272 3081 376 3171 ejusd.
392 3081 454 3167 Op.
465 3081 589 3146 nullum
605 3082 651 3147 eit
664 3096 774 3146 extare
785 3090 839 3146 τῶν
854 3081 1207 3168 o'.·d1scipulorum'cs⁴

164 3169 330 3256 telogum,
343 3166 407 3232 etsi.
418 3190 521 3232 uuum
535 3166 652 3251 exiliis
666 3168 847 3232 Barnabsm
863 3167 961 3234 fuisse
976 3167 1131 3234 traditum
1140 3168 1202 3232 sit.

165 3301 170 3307 -
210 3256 386 3340 Postquam
401 3252 472 3317 haec
490 3257 727 3330 annotaverim,
742 3253 806 3317 vidi
821 3253 863 3318 cl.
878 3252 1083 3328 Freindaller.
1098 3253 1135 3318 in:
1145 3260 1209 3331 uu}

165 3358 242 3426 pera
256 3346 314 3404 s'us
327 3337 424 3426 hujus
441 3324 627 3439 Fregrffti
641 3337 782 3402 editione
800 3339 908 3403 locum
930 3338 976 3403 ita
997 3337 1210 3424 interpretan-

165 3425 245 3497 dum
266 3442 335 3489 esse
354 3446 497 3503 censere,
513 3423 605 3511 quasi
625 3422 822 3489 interfuisset
840 3425 976 3488 Marcus
992 3422 1077 3488 Petri
1092 3422 1211 3489 concio·-

167 3510 261 3576 ru'lus
267 3537 282 3590 ,·,
298 3511 359 3575 etsi
372 3511 436 3573 nist
450 3524 574 3596 postea,
588 3516 611 3557 ‘⁴
624 3510 760 3573 fortasse
780 3508 920 3595 cuipiam
936 3506 1095 3594 ‘obrepere
1113 3528 1211 3594 posse

166 3603 190 3645 ‘5
205 3595 404 3682 opinionem,
420 3599 572 3663 Marcum
587 3597 664 3659 curn
679 3593 810 3659 Christo
823 3605 1058 3670 conversatum,
1073 3613 1124 3672 ea,
1139 3592 1212 3680 prei-

168 3678 261 3746 “lus
280 3681 286 3736 ἶ
308 3703 342 3744 se
354 3679 513 3764 interfuit,
529 3690 643 3765 postca
662 3678 788 3764 scriptis
809 3679 995 3757 mendasse3
1014 3676 1112 3763 idque
1127 3684 1211 3756 esse,

168 3772 191 3809 “
206 3697 306 3852 quod
317 3765 493 3852 fragmenti
512 3767 625 3829 auctor
646 3763 685 3829 iis
706 3764 812 3834 verbis
835 3764 982 3830 innuerit.
1026 3760 1211 3854 iteruin-id

168 3858 191 3899 “
205 3852 313 3938 ipsum
325 3850 423 3936 'apud
441 3850 576 3936 Pupiam
602 3847 847 3937 antiquissimus
868 3849 1053 3935 presbyter,
1072 3845 1211 3926 Aristio',

169 3940 306 4024 “pern
330 3946 382 4013 αῖς
405 3955 511 4021 neque
533 3935 583 4000 fas
602 3947 663 4015 ost,
683 3935 888 4019 evangeliste
910 3933 1016 3998 Marci
1038 3952 1213 4018 personum

169 4029 193 4064 “
208 4038 287 4086 cum
329 4031 400 4084 tera
413 4020 547 4085 loannis
567 4020 674 4086 Marci
693 4019 900 4098 confundere,
916 4018 1010 4106 cujus
1024 4018 1056 4081 in
1071 4017 1212 4082 Actibus

169 4105 441 4192 “Apostolorum
457 4126 495 4169 cc
520 4104 595 4170 .xii.
608 4105 734 4170 mentio
747 4105 793 4183 tit,
808 4106 931 4191 dequo
949 4099 1080 4191 quidem
1098 4102 1213 4188 poste*-

171 4197 197 4239 “
210 4192 294 4262 tiore
308 4191 413 4260 simile
426 4190 486 4279 qui
525 4190 679 4281 opinandi
698 4190 789 4256 locus
809 4209 880 4255 esse
898 4187 1092 4256 videretur.”
1127 4188 1214 4257 Haec
