2684 4740
132 485 465 642 Arctoum?
488 480 842 639 smmum
861 549 1170 639 Masurius

236 807 239 812 -
321 764 410 831 ruo
432 760 638 831 omcsua
658 759 793 830 mum
816 756 999 845 rurum,

209 949 212 952 ’
279 962 330 1020 ux
345 962 482 1020 uuum
502 923 863 1019 mrmrusrmrous
881 959 1035 1018 umus.

168 1153 224 1223 Aa
238 1152 419 1240 Editiorrem
432 1155 678 1222 Deloraaeunom
694 1157 830 1262 Operum
847 1153 1001 1250 Origeuiu
1017 1150 1150 1220 Parisiis
1180 1188 1182 1195 ·

498 1267 582 1353 opud
596 1265 720 1332 Debere
737 1279 825 1346 1759.

145 1576 231 1688 DE
251 1620 416 1712 Apologia
430 1624 465 1690 S.
482 1616 641 1712 Pamphili
655 1648 715 1727 pro
732 1619 886 1717 Origene,
901 1640 998 1716 atque
1014 1622 1183 1701 Rufiniona

146 1707 292 1797 ejusdem
312 1703 590 1796 interpretatione,
612 1713 691 1798 quid
711 1715 915 1780 statuendum
939 1714 1011 1778 viris
1033 1710 1182 1785 doctissi-

145 1789 210 1861 mis
231 1792 401 1874 videretur,
422 1817 518 1882 supra
540 1793 573 1860 in
594 1794 868 1866 Annototionibus
891 1799 933 1864 ad
955 1800 989 1863 S.
1012 1800 1185 1865 Priorem·

148 1900 233 1946 xum
259 1879 292 1944 in
310 1880 373 1944 vol.
390 1878 435 1944 iii.
452 1903 484 1967 p.
499 1893 671 1958 270—273.
685 1887 828 1970 exposui.
872 1885 1008 1950 Librum
1032 1883 1184 1968 primurn,

148 1985 248 2052 quem
260 1965 363 2029 solum
375 1966 509 2030 Rufinus
518 1968 669 2032 vertendo
679 1970 773 2036 uobis
783 1971 927 2049 servavit,
943 1970 995 2034 hic
1011 1987 1185 2054 repraesen-

147 2060 254 2116 tatum
270 2047 381 2128 habes,
393 2051 459 2114 fere
474 2073 601 2152 semper
615 2055 756 2141 exceptis
771 2056 809 2120 iis
821 2056 923 2123 verbis
937 2053 1098 2140 Origenis,
1110 2072 1185 2138 quae

147 2129 266 2200 latine
280 2147 418 2214 tantum,
433 2158 497 2200 non
510 2154 605 2202 etiam
623 2139 749 2221 Graece,
762 2152 943 2228 supersunt.
978 2141 1062 2204 Haec
1074 2150 1186 2202 autem

149 2218 361 2305 Origeniana,
378 2243 449 2306 quae
471 2244 534 2285 non
550 2222 618 2287 sine
631 2246 729 2290 causa
742 2248 816 2291 meo
832 2245 929 2326 opere
943 2225 1062 2289 omissa
1081 2222 1115 2286 in
1131 2220 1185 2306 ip·

149 2301 228 2403 sius·
241 2304 609 2456 ⁰r³ffi⁰¹¹3⁸fl⁰1³¹9h0¹1d5
630 2323 768 2395 possunt
788 2311 995 2391 editionibus,
1016 2305 1187 2395 explebant

151 2402 289 2461 circiter,
328 2390 463 2457 mrdium
479 2386 591 2458 libelli.

538 2593 805 2636 ...φ-...ι-

416 2739 479 2819 IN
503 2729 924 2820 AP'OLOGETICUM

204 2890 354 2955 ssucrr
374 2892 578 2954 summm
599 2892 814 2953 murrum
835 2891 917 2954 ruo
939 2887 1137 2979 uitiosus,
1179 2962 1181 2967 ,

317 3045 451 3097 RUFINI
478 3045 675 3096 PRAEFATIO
700 3045 753 3094 AD
774 3041 1023 3098 Mscnamulu.
1112 3099 1120 3105 ,

200 3163 505 3236 Cosuoscsuurs
530 3169 668 3234 veritatis
690 3189 800 3240 amore
820 3185 999 3256 permotus,
1015 3193 1037 3235 ο
1050 3172 1096 3238 vir
1109 3169 1196 3236 desi»

156 3250 320 3320 detiorum
341 3256 501 3334 Machari,
523 3253 665 3340 injungis
686 3255 768 3318 mihi
788 3277 870 3334 rem,
893 3278 966 3342 quae
990 3256 1050 3320 tibi
1073 3256 1193 3343 agnitae
1279 3310 1284 3319 .

156 3341 297 3406 veritatis
314 3340 453 3426 gratiam·
467 3340 635 3416 conferat:
657 3339 746 3409 mihi,
758 3350 866 3404 tamen
889 3362 954 3405 non
977 3340 1195 3426 dubitoquin

156 3420 312 3491 offensam
330 3424 502 3489 maximam
518 3436 683 3509 comparet
697 3444 822 3502 eorum,
838 3424 895 3510 qui
910 3445 945 3489 se
961 3424 1056 3488 laesos
1078 3437 1195 3509 putant

157 3510 201 3576 ab
229 3532 269 3574 eo
296 3510 351 3596 qui
377 3510 418 3575 de
446 3511 678 3596 Origene·noo
708 3508 829 3608 aliquid
853 3510 937 3574 mele
966 3508 1108 3574 senserit.
1151 3511 1196 3575 Et

182 3596 304 3660 uamvis
320 3618 385 3659 non
401 3617 507 3659 meam
520 3595 561 3659 de
575 3615 616 3658 eo
634 3606 837 3672 sententiam,
853 3593 909 3657 sed
924 3595 1026 3659 sancti
1045 3595 1197 3680 martyris

159 3617 322 3766 {amphili
336 3680 515 3744 sciscitatus
531 3679 584 3758 sis,
597 3694 630 3743 et
643 3679 758 3743 librum
775 3678 857 3754 e'us,
869 3700 964 3764 quem
981 3700 1040 3765 pro
1055 3679 1198 3779 Origene

158 3763 193 3830 in
209 3765 328 3842 Graeco
349 3766 512 3851 scripsisse
531 3763 678 3843 traditur,
697 3701 859 3835 transierri
879 3763 939 3836 tibi
960 3785 1144 3852 poposceris
1163 3763 1199 3829 in

158 3851 334 3917 Latinum:
358 3864 464 3928 tamen
480 3872 545 3915 non
560 3848 676 3914 dubito
695 3849 821 3913 futuros
843 3848 1013 3934 quosdam,
1035 3848 1093 3936 qui.
1109 3858 1143 3912 et
1154 3847 1199 3911 in

161 3956 201 4001 eo
217 3933 313 3999 laesos
332 3957 366 4000 se
385 3948 511 4021 putent,
533 3933 561 3999 si
580 3955 639 3998 nos
660 3932 782 4021 aliquid
803 3954 861 4020 pro
883 3955 924 3998 eo
943 3933 991 4000 vel
1008 3933 1198 4018 alienoecr·
1247 3978 1251 3983 -

160 4040 260 4084 mone
275 4020 432 4084 dicamus.
799 4075 802 4082 ,
1177 4045 1180 4049 ’

206 4105 301 4203 Quos
323 4122 432 4169 tamen
454 4116 489 4170 et
509 4103 597 4191 ipsos
618 4105 826 4191 deprecamur
847 4102 926 4170 nihii
955 4109 1129 4191 praesumto
1150 4098 1200 4162 vel
1259 4144 1261 4151 ι

163 4188 376 4278 prejudicato
392 4188 502 4258 animo
516 4211 612 4280 agere
624 4214 632 4256 ε
643 4188 713 4271 ‚sed
727 4188 881 4283 quoniam
900 4188 942 4256 ad
959 4186 1118 4277 judicium
1138 4182 1202 4249 Dei

210 4291 294 4342 vor..
314 4294 368 4342 ιν.
668 4296 692 4340 v
800 4339 804 4343 ,
