2684 4740
187 368 189 372 .
219 329 283 400 294
447 314 499 380 ''S.
520 308 745 381 PAMPHILI
766 311 1002 381 naastan

220 487 246 526 “
258 481 337 550 vinis
358 481 447 550 libris
468 485 664 552 referuntur:
686 507 760 574 quae
781 483 912 574 quidem
935 493 1042 550 certus
1064 502 1142 550 sum
1164 479 1257 571 quod

221 600 246 637 “
259 617 301 661 ne
317 596 387 683 ipse
404 597 534 686 quidem
553 598 692 665 mundus
711 597 797 686 hpro
811 597 927 664 virtute
940 619 979 663 ac
993 594 1168 683 majestate
1180 615 1256 662 sen·

220 708 245 746 “
258 726 354 770 suum
368 727 480 794 capere
493 719 610 794 potest.

264 820 288 856 “
303 817 436 904 Propter
446 818 534 904 quod
544 819 751 914 pronuntiare
761 816 892 906 quidem
903 816 945 883 de
956 815 1006 881 his
1018 837 1092 904 quae
1103 812 1257 894 dicimus,

220 927 245 965 “
258 922 344 990 sieut
362 926 516 1014 Apostoli
536 941 722 1015 potuerunt,
744 950 810 994 non
831 927 1009 994 audemus:
1032 926 1067 991 in
1087 947 1129 991 eo
1144 935 1256 991 autem

221 1037 245 1074 “
258 1034 378 1121 gratias
412 1036 549 1125 agimus,
576 1037 665 1125 quod
697 1060 773 1103 cum
807 1037 902 1103 multi
933 1035 1128 1124 imperitiam
1162 1054 1255 1100 susm
1309 1088 1313 1092 .

220 1147 245 1183 “
259 1144 411 1225 nesciant,
424 1159 459 1211 et
472 1159 581 1214 motus
595 1170 670 1213 auos
683 1147 916 1235 incompositos
930 1159 964 1212 et
978 1146 1191 1224 inordinatus,
1203 1142 1254 1208 in·

219 1257 245 1292 ‘⁶
258 1253 383 1319 terdum
399 1254 495 1320 ctiam
511 1269 545 1322 et
554 1256 682 1343 ineptos
696 1267 730 1322 et
743 1255 920 1337 fabulosos,
941 1277 1019 1321 cum
1037 1255 1130 1319 omni
1147 1254 1252 1319 inten-

220 1368 245 1403 “
259 1363 358 1444 tione,
372 1365 456 1431 sicut
469 1365 531 1431 sibi
544 1366 703 1449 videntur,
717 1367 810 1457 quasi
823 1366 984 1434 verissima
998 1365 1176 1431 assertione
1195 1384 1252 1429 an·

219 1479 243 1516 “
256 1476 414 1556 nuntient,
428 1497 487 1542 uos
504 1477 545 1542 de
564 1478 660 1544 rebus
681 1476 820 1564 magnis,
847 1490 882 1543 et
904 1477 956 1543 his
977 1499 1050 1565 que
1073 1497 1174 1564 supra
1195 1494 1251 1540 uos

217 1589 242 1627 “
256 1583 570 1672 sunt,.igncrantiam
582 1599 724 1653 nostram
738 1609 803 1652 non
817 1587 1037 1675 ignoramus.”

263 1695 503 1761 PsMrnrnus.
540 1696 627 1762 Cum
653 1719 732 1785 ergo
756 1697 828 1764 haec
849 1719 924 1764 eum
947 1697 1044 1762 dese
1064 1693 1176 1776 dicere
1197 1715 1252 1760 au-

217 1804 356 1886 diamus,
371 1819 404 1873 et
417 1807 640 1897 hujuscemodi
652 1821 762 1874 mente
775 1831 813 1874 ac
828 1821 904 1875 voto
920 1831 993 1897 quae
1006 1805 1089 1872 dicit
1102 1802 1251 1899 messere,

216 1913 372 1981 miramur
381 1915 424 1981 in
441 1928 567 1983 tautum
582 1918 768 1984 temeritatis
782 1917 907 2006 aliquos
921 1939 991 1983 esse
1007 1927 1190 2004 provectos,
1200 1912 1252 1978 iut

217 2024 276 2113 qui
290 2047 325 2091 se
338 2025 384 2091 ita
395 2025 576 2094 humilitate
586 2027 724 2117 judicat,
739 2028 906 2095 adstruant
920 2026 1008 2115 quod
1023 2026 1065 2091 ab
1080 2025 1153 2091 aliis
1166 2023 1251 2089 dicta

216 2130 290 2222 ejus
310 2133 360 2200 val
379 2135 461 2201 liber
481 2158 545 2222 pro
562 2138 764 2204 sermonibus
777 2137 977 2225 Apostolicis
991 2137 1040 2203 vel
1060 2134 1158 2201 dictis
1175 2153 1250 2222 pro·

105 2276 108 2280 >
175 2321 178 2326 ¹
217 2241 354 2332 pheticis
374 2244 561 2327 habeantur,
584 2261 641 2314 aut
662 2248 751 2336 quod
772 2248 826 2315 ille
847 2249 916 2336 ipse
939 2247 989 2314 vel
1013 2245 1184 2333 Prophetis
1202 2242 1252 2310 vel

217 2352 386 2440 Apostolis
400 2355 441 2419 ab
458 2355 567 2443 aliquo
583 2370 794 2444 comparetur.
834 2361 878 2424 Et
890 2358 1023 2446 quidem
1037 2355 1125 2445 qued
1139 2368 1176 2421 et
1190 2353 1252 2420 ho·

216 2470 295 2531 nore
310 2468 500 2555 Presbyterii
517 2470 550 2534 iu
565 2471 710 2537 Ecclesia
730 2472 883 2559 praeditus
904 2472 1012 2550 fuerit,
1027 2483 1060 2536 et
1077 2468 1179 2534 vitam
1193 2467 1250 2532 ab·

216 2576 477 2645 stinentissimam
500 2581 614 2666 egerit,
636 2594 670 2647 et
692 2581 784 2646 valde
804 2580 1074 2669 philosophicam,
1098 2576 1252 2670 quodque

216 2707 333 2773 puram
353 2689 517 2775 religionis
540 2690 750 2756 observaverit
769 2690 982 2779 disciplinam,
997 2702 1031 2755 et
1044 2709 1113 2776 prae
1126 2683 1252 2753 ceteris

216 2790 316 2863 verbo
329 2799 395 2863 Dei
413 2813 447 2864 et
465 2799 619 2865 doctrinae
642 2821 774 2887 operam
796 2798 932 2881 dederit,
953 2797 1033 2864 nulli
1054 2795 1191 2861 dubium
1203 2803 1253 2858 est

217 2917 253 2971 et
266 2927 306 2971 ex
318 2907 367 2971 his
382 2931 455 2994 quae
470 2909 513 2974 ad
533 2930 591 2976 nos
611 2909 742 2992 laboris,
763 2922 795 2975 et
809 2909 906 2976 studii
919 2908 988 2998 ejus
1002 2905 1182 2973 certissima
1195 2903 1252 2968 de·

217 3015 387 3103 signantur
399 3017 537 3083 indicia:
560 3019 721 3109 praecipue
735 3041 810 3085 vero
825 3040 883 3107 per
896 3041 953 3085 eos
967 3019 1150 3096 Tractatus,
1170 3034 1253 3102 quos

217 3146 301 3212 pene
323 3126 465 3212 quotidie
479 3128 512 3193 in
527 3129 671 3194 Ecclesia
685 3129 824 3195 habebat
837 3141 1035 3217 extempore,
1049 3136 1133 3214 quos
1147 3135 1184 3190 et
1197 3122 1255 3188 de·

217 3235 393 3302 scribentes
406 3237 534 3303 tharii
548 3238 588 3302 ad
602 3217 848 3306 monumentum
860 3233 1253 3326 posteritatis-tradebant.

219 3345 430 3434 Consequens
450 3348 550 3436 igitur
572 3360 652 3430 erat,
675 3370 715 3413 ex
735 3348 785 3413 his
799 3347 949 3415 omnibus
963 3345 1115 3412 laborum
1128 3355 1164 3409 et
1182 3352 1253 3407 stu·

218 3457 347 3523 dicrum
366 3480 499 3523 sucrum
516 3458 708 3524 testimoniis
722 3458 874 3546 amplecti
888 3457 985 3523 talem
1000 3456 1125 3521 virum:
1149 3463 1184 3517 et
1197 3471 1254 3516 ne·

219 3587 285 3654 que
306 3566 498 3632 defensionis
520 3568 626 3634 studio
648 3569 721 3655 plus
735 3569 811 3634 dare
826 3569 856 3635 ei
869 3566 975 3633 meriti
991 3586 1089 3653 quam
1103 3581 1256 3628 mensura

218 3675 376 3764 deposcit,
402 3700 506 3766 neque
524 3701 633 3744 rursus
654 3679 856 3745 obtrectandi
877 3677 955 3743 vitio
979 3673 1074 3742 facile
1096 3670 1253 3738 condem-

220 3808 308 3867 nare,
323 3800 357 3852 et
371 3788 509 3854 alienum
524 3789 566 3854 ab
581 3789 796 3855 ecclesiastica
807 3788 954 3854 doctrina
967 3799 1089 3853 temere
1108 3802 1255 3871 pronun-

219 3892 319 3958 tiare:
340 3915 417 3959 cum
439 3907 612 3983 utrumque
638 3898 727 3963 istud
746 3896 960 3986 precipitium
982 3890 1154 3982 providens
1179 3899 1256 3956 ante

216 4001 341 4068 divinus
363 4025 470 4069 sermo
490 4005 688 4091 prohibuerit
700 3990 830 4096 dicens:
852 4005 945 4076 khan
959 4004 1002 4070 sit
1015 4002 1050 4068 ia
1065 4012 1096 4067 te
1108 4018 1256 4066 mensura

217 4118 329 4205 major,
352 4137 449 4203 neque
475 4138 618 4184 menstra
639 4119 750 4201 minor.
793 4113 1008 4184 Abomincbile
1035 4109 1083 4178 est
1110 4110 1196 4179 enim
1220 4109 1254 4189 itt

313 4259 407 4314 hJcsu.
416 4261 468 4312 xxi.
481 4271 520 4322 aa,
623 4263 707 4330 1(an
718 4271 745 4312 ut
754 4262 777 4314 ei
788 4258 846 4328 qui.)
953 4259 1048 4326 kim·
1059 4270 1103 4322 ¹1·
1116 4267 1156 4323 tc,
