2684 4740
199 291 259 374 148
296 288 536 357 ARCHELAI
554 290 611 355 ET
631 288 838 384 MANETIS
858 289 1148 360 olsPU'rArlu

196 460 334 525 scribere
349 459 508 524 decrevit:
530 458 735 548 accitumque
756 484 857 527 unum
874 482 914 526 ex
933 459 1111 548 discipulis,
1126 460 1238 527 *Tun

195 570 316 635 bouem
333 569 474 648 nomine,
490 568 547 655 qui
568 591 625 656 per
644 570 775 634 Addam
796 571 901 635 fuerat
922 571 1108 663 instructus,
1122 569 1240 637 tradita

195 677 344 765 epistola,
363 675 450 740 abire
468 675 576 764 jubet,
597 699 635 741 ac
656 678 796 764 perferre
817 678 1000 757 Marcello;
1021 676 1163 764 lquique
1184 699 1240 743 ac-

197 798 323 872 ceptam
338 807 409 850 eam
427 786 514 865 huic,
530 787 618 852 cuia
633 787 734 851 Mane
748 787 853 851 fuerat
867 801 1079 874 praeceptum,
1096 787 1241 873 pertulit,

196 895 287 961 omni
312 895 424 960 itinere
451 895 565 961 diebus
592 895 734 983 quinque
760 911 933 961 transacto.
979 884 1095 966 Veloci
1119 897 1241 961 etenim

198 1025 275 1069 usus
288 1020 338 1070 est
354 1027 460 1084 cursu,
476 1005 508 1069 iu
524 1027 591 1092 quo
607 1004 781 1092 plurimum
799 1005 1001 1092 supradictus
1016 1006 1132 1076 Turbo,
1147 1004 1241 1071 labo·

197 1118 251 1196 ris,
264 1128 297 1180 et
313 1115 470 1181 molestiae
485 1114 636 1202 pertulits
660 1116 687 1180 si
701 1114 832 1202 quaudo
844 1115 929 1178 enim
945 1127 972 1160 ¹¹¹
982 1114 1078 1179 veluti
1097 1115 1243 1201 peregri·

198 1248 278 1291 nans
299 1225 339 1290 ad
365 1225 540 1311 hospitium
567 1225 774 1312 pervenisset,
793 1239 894 1312 ¹¹quae
917 1224 1047 1312 quidem
1069 1224 1244 1296 dirersoria

197 1334 467 1423 hospitalissimus
488 1334 664 1400 Marcellus
685 1335 887 1414 instruxerat,
903 1357 978 1399 cum
993 1357 1014 1399 a
1027 1335 1245 1401 servatoribus

197 1445 413 1532 hospitiorum
435 1445 698 1532 interrogaretur,
713 1446 810 1525 unde,
826 1461 859 1512 et
874 1447 958 1534 quis,
971 1447 1021 1512 vcl
1042 1469 1061 1512 a
1078 1469 1146 1533 quo
1165 1447 1245 1513 mis·

198 1579 253 1622 sus
272 1569 368 1636 esset,
383 1556 501 1636 aiebat,
517 1579 588 1622 sum
609 1557 741 1643 quidem
758 1555 1092 1642 0Mesopotamensis,
1105 1555 1148 1621 de
1166 1557 1244 1621 Per·

197 1665 266 1731 side
291 1678 400 1732 autem
424 1665 528 1746 venio,
550 1686 570 1729 a
591 1664 776 1731 Manichaeo
801 1664 958 1750 magistro
979 1663 1243 1732 'Christianorum

197 1774 325 1841 missus.
368 1775 417 1839 At
438 1774 486 1839 illi
508 1773 683 1861 Pignotum
704 1773 765 1838 sibi
786 1794 905 1837 nomen
928 1795 993 1838 non
1014 1772 1153 1838 libenter
1173 1794 1244 1839 aar·

171 1862 295 1972 plexi,
319 1883 507 1948 Turbonem
532 1884 630 1948 etiam
661 1882 739 1969 ipsis
768 1880 916 1968 hospitiis
944 1880 1172 1960 detrudebant,
1202 1902 1245 1946 ne

198 2016 291 2080 aquae
306 1993 438 2079 quidem
451 1993 552 2079 ipsius
565 1992 605 2056 ad
622 1991 798 2057 bibendum
814 1991 967 2056 facultate
981 2011 1135 2056 concessa
1140 2014 1152 2070 ;
1169 2012 1244 2078 quas

198 2122 274 2166 cum
291 2101 419 2187 singula
434 2101 592 2187 quotidie,
606 2113 702 2188 atque
723 2100 842 2165 horum
862 2099 1017 2186 nequiora
1030 2099 1189 2185 perferret
1202 2097 1244 2163 ab

197 2212 260 2292 his,
286 2212 343 2300 qui
369 2233 426 2299 per
452 2211 580 2298 singula
609 2211 682 2275 loca
707 2208 940 2289 mansionibus,
965 2220 1064 2304 atque
1091 2207 1243 2296 hospitiis

231 2423 245 2461 ¹⁴
261 2424 345 2474 Codex
357 2426 481 2474 Bobiensls
493 2426 560 2488 legit,
571 2424 639 2472 Adda
651 2423 778 2472 Turbonem.
807 2423 863 2470 Fuit
877 2431 961 2469 antem
971 2422 1042 2469 Adda
1051 2434 1117 2479 uuus
1130 2435 1162 2468 ex
1171 2419 1242 2483 disci·

198 2505 261 2568 pulis
278 2509 338 2564 suis,
354 2509 395 2555 cui
412 2508 539 2555 Orientem
557 2505 643 2553 haeresi
662 2504 824 2552 inficiendum
844 2503 933 2551 Manes
951 2501 1116 2560 demandavit,
1134 2510 1164 2550 ut
1180 2501 1243 2548 infra

196 2602 250 2649 cap.
262 2599 301 2636 11.
312 2590 407 2637 dicitur.
419 2597 422 2603 '

230 2667 238 2704 ¹
256 2670 339 2719 Codex
349 2671 483 2728 Bobiensis,
496 2670 585 2734 quippe,
597 2669 663 2717 mala
673 2667 754 2717 lectio.

229 2755 250 2782 ¹¹¹
267 2754 336 2800 Idem
348 2753 434 2810 codex,
445 2753 476 2797 ad
483 2765 599 2815 vesperam
609 2750 684 2797 veluti
690 2747 828 2811 peregrinas.

231 2835 245 2861 '¹
262 2834 331 2880 Idem
343 2835 429 2890 codex,
442 2849 493 2896 quae
505 2831 592 2895 quidem
604 2830 653 2891 ipsa
664 2829 795 2876 diversoria.
824 2828 892 2876 Hinc
905 2837 989 2876 autem
1002 2835 1100 2891 apparet
1114 2839 1192 2889 quam
1206 2841 1243 2874 se·

199 2912 257 2960 dulo
267 2913 423 2974 hospitalitati
434 2927 533 2974 operam
544 2913 652 2959 dederint
669 2912 796 2973 primitivae
810 2910 919 2958 ecclesiae
935 2911 1028 2970 fideles,
1040 2909 1109 2958 Pauli
1124 2918 1245 2971 praerepto

200 2995 225 3043 in
238 2993 339 3056 epistola
350 2996 381 3042 ad
392 2996 508 3043 Hebraeos
519 3008 572 3055 cap.
582 2995 633 3042 xiii.
644 3007 705 3043 vers.
717 3006 739 3042 1.
750 2995 866 3042 obsecuti.
899 2994 1066 3043 Tertullianus
1077 2995 1107 3042 de
1117 2993 1244 3054 Praecep-

200 3075 307 3123 tionibus
319 3076 431 3123 adversus
441 3075 550 3123 Haereses
560 3089 613 3136 cap.
625 3086 664 3124 ao.
675 3075 716 3122 Sic
726 3091 796 3120 omnes
809 3072 927 3138 (ecclesiae
936 3071 1057 3134 videlicet)
1071 3074 1148 3136 prima
1159 3083 1181 3121 et
1191 3081 1244 3136 aps·

200 3155 284 3203 stolicae
295 3174 303 3216 3
321 3156 373 3203 dum
383 3174 427 3203 una
436 3173 506 3203 omnes
512 3157 609 3218 probant
620 3156 738 3213 unitatem,
750 3156 802 3202 dum
814 3166 845 3202 est
856 3155 902 3203 s'lIr's
913 3155 1077 3203 communicatio
1083 3153 1161 3217 pacis,
1171 3164 1193 3201 et
1203 3164 1244 3216 ap·

196 3234 292 3297 pellatia
300 3236 470 3300 fraternitatis,
483 3247 504 3282 et
515 3236 664 3283 contesseratio
675 3233 848 3296 hospitalitatis3
866 3251 917 3300 qne
925 3237 985 3299 jura
994 3251 1037 3282 nnn
1046 3234 1094 3281 atta
1106 3232 1165 3280 ratio
1175 3234 1244 3296 regit,

201 3331 270 3380 quam
284 3317 377 3378 ejusdmt
392 3316 524 3364 sacramenti
538 3333 582 3363 una
600 3316 699 3363 traditio.
725 3317 789 3363 Nota
799 3326 866 3375 sunt,
875 3331 931 3378 quae
942 3319 971 3365 de
983 3317 1178 3367 Christianorum
1189 3329 1246 3377 0¹8³,

200 3397 358 3460 Peregrinum
367 3400 489 3460 hospitem
500 3398 585 3446 officiis
597 3398 667 3444 refert
677 3397 800 3444 Lucianus
812 3398 837 3444 in
848 3396 910 3444 libro
920 3399 950 3445 de
961 3397 1072 3458 ejusdem
1083 3406 1170 3444 morte.
1199 3396 1247 3443 Sed

201 3487 226 3524 et
241 3480 306 3541 quod
318 3482 348 3526 de
358 3479 491 3527 diversoriis
503 3488 575 3538 atque
586 3478 704 3539 hospitiis,
717 3492 758 3538 per
769 3479 844 3538 regias
854 3479 903 3525 vias
918 3480 944 3525 in
957 3478 1079 3527 Persidem
1093 3478 1222 3535 ducentes,
1233 3490 1250 3523 a

203 3558 321 3608 Marcello
332 3561 485 3617 constructis,
497 3559 538 3606 hic
549 3558 663 3620 legimus,
675 3558 699 3604 id
714 3557 766 3605 aliis
782 3558 807 3604 in
823 3558 893 3616 locis,
904 3572 933 3605 ac
947 3558 1041 3620 ubique
1049 3556 1127 3605 ferme
1137 3571 1153 3603 a
1162 3555 1249 3604 Chris-

201 3641 273 3703 tianis
288 3642 382 3690 factum
397 3642 480 3700 fuisse,
492 3649 572 3701 aperte
587 3639 709 3701 colligitur
719 3654 751 3687 ex
763 3640 871 3702 Gregorii
887 3641 1041 3688 Nazianzeni
1056 3639 1178 3705 invectiva
1188 3639 1211 3687 1.
1223 3638 1254 3685 iu·

201 3722 332 3771 lulianum
343 3724 494 3784 Apostatam,
506 3721 549 3768 ubi
561 3721 734 3782 Imperatorem
746 3722 815 3768 hunc
829 3723 859 3769 ad
876 3722 1071 3769 Christianorum
1083 3720 1251 3768 imitationem

203 3804 331 3851 diversoria
346 3811 370 3851 et
386 3804 489 3866 hospitia
505 3817 547 3864 per
562 3804 647 3863 orbern
664 3803 806 3850 Romanum
823 3803 936 3850 aedificari
954 3804 1083 3850 mandasse
1096 3809 1210 3860 testatur,
1224 3812 1253 3850 us

205 3883 343 3931 Gentilium
363 3884 572 3945 superstitionibus
590 3884 710 3943 majorem
728 3883 837 3942 laudem,
853 3885 1083 3946 venerationemque
1099 3882 1254 3932 conciliaret.

144 4012 161 4041 e
204 3965 265 4012 Vide
277 3964 345 4025 plura
356 3967 421 4027 apud
430 3966 549 4014 Priorium
561 3966 591 4013 de
600 3965 683 4014 Literis
693 3965 821 4013 Canonicis
831 3978 884 4028 cap.
892 3977 915 4015 s.
925 3975 1024 4034 etseqq.
1031 3974 1056 4014 et
1064 3964 1254 4025 Thomasinum

205 4047 236 4096 de
245 4045 349 4094 Tesseris
361 4046 528 4108 hospitalitatis
539 4060 591 4107 cap.
600 4054 641 4095 26.

237 4138 248 4162 ⁰
265 4129 348 4176 Codex
360 4129 420 4186 Bob.
431 4128 628 4189 Mesopotamenus.

240 4215 251 4248 Ρ
268 4209 350 4257 Codex
361 4208 495 4271 Bobiensis‚
507 4207 638 4270 ignoratam.
