<?xml version="1.0" encoding="UTF-8"?>
<!DOCTYPE html PUBLIC "-//W3C//DTD XHTML 1.0 Transitional//EN"
    "http://www.w3.org/TR/xhtml1/DTD/xhtml1-transitional.dtd">
<html xmlns="http://www.w3.org/1999/xhtml" xml:lang="en" lang="en">
 <head>
  <title>
</title>
<meta http-equiv="Content-Type" content="text/html;charset=utf-8" />
  <meta name='ocr-system' content='tesseract 3.04.00' />
  <meta name='ocr-capabilities' content='ocr_page ocr_carea ocr_par ocr_line ocrx_word'/>
</head>
<body>
  <div class='ocr_page' id='page_1' title='image "./reliquiaesacrae10routgoog_0385.png"; bbox 0 0 2684 4740; ppageno 0'>
   <div class='ocr_carea' id='block_1_1' title="bbox 652 295 829 386">
    <p class='ocr_par' dir='ltr' id='par_1_1' title="bbox 652 295 829 386">
     <span class='ocr_line' id='line_1_1' title="bbox 652 295 829 386; baseline 0.017 -4"><span class='ocrx_word' id='word_1_1' title='bbox 652 295 829 386; x_wconf 76' lang='lat'>[384]</span> 
     </span>
    </p>
   </div>
   <div class='ocr_carea' id='block_1_2' title="bbox 207 468 1294 1769">
    <p class='ocr_par' dir='ltr' id='par_1_2' title="bbox 210 468 1294 815">
     <span class='ocr_line' id='line_1_2' title="bbox 210 468 1265 561; baseline -0.004 -22"><span class='ocrx_word' id='word_1_2' title='bbox 210 486 332 561; x_wconf 86' lang='lat' dir='ltr'><strong>patres,</strong></span> <span class='ocrx_word' id='word_1_3' title='bbox 352 470 547 537; x_wconf 82' lang='lat' dir='ltr'><strong>statuebant.</strong></span> <span class='ocrx_word' id='word_1_4' title='bbox 585 472 757 536; x_wconf 86' lang='lat' dir='ltr'><strong>Facessant</strong></span> <span class='ocrx_word' id='word_1_5' title='bbox 776 491 858 556; x_wconf 88' lang='lat' dir='ltr'><strong>ergo</strong></span> <span class='ocrx_word' id='word_1_6' title='bbox 878 469 923 557; x_wconf 88' lang='lat' dir='ltr'><strong>pii</strong></span> <span class='ocrx_word' id='word_1_7' title='bbox 945 468 1065 557; x_wconf 81' lang='lat' dir='ltr'>alioqui</span> <span class='ocrx_word' id='word_1_8' title='bbox 1090 479 1265 535; x_wconf 86' lang='lat' dir='ltr'><strong>novatores¹</strong></span> 
     </span>
     <span class='ocr_line' id='line_1_3' title="bbox 211 555 1262 643; baseline -0.005 -18"><span class='ocrx_word' id='word_1_9' title='bbox 211 582 288 626; x_wconf 89' lang='lat' dir='ltr'><strong>cum</strong></span> <span class='ocrx_word' id='word_1_10' title='bbox 314 580 375 622; x_wconf 91' lang='lat' dir='ltr'><strong>suo</strong></span> <span class='ocrx_word' id='word_1_11' title='bbox 401 557 548 635; x_wconf 89' lang='lat' dir='ltr'><strong>sabbato,</strong></span> <span class='ocrx_word' id='word_1_12' title='bbox 576 556 664 642; x_wconf 91' lang='lat' dir='ltr'><strong>quod</strong></span> <span class='ocrx_word' id='word_1_13' title='bbox 693 578 798 643; x_wconf 87' lang='lat' dir='ltr'><strong>neque</strong></span> <span class='ocrx_word' id='word_1_14' title='bbox 826 557 900 635; x_wconf 91' lang='lat' dir='ltr'><strong>hoc,</strong></span> <span class='ocrx_word' id='word_1_15' title='bbox 929 576 1047 641; x_wconf 60' lang='lat' dir='ltr'><strong>neque⁸</strong></span> <span class='ocrx_word' id='word_1_16' title='bbox 1061 555 1118 619; x_wconf 89' lang='lat' dir='ltr'><strong>illo</strong></span> <span class='ocrx_word' id='word_1_17' title='bbox 1143 556 1262 620; x_wconf 85' lang='lat' dir='ltr'><strong>Testa·</strong></span> 
     </span>
     <span class='ocr_line' id='line_1_4' title="bbox 212 641 1294 731; baseline 0.001 -22"><span class='ocrx_word' id='word_1_18' title='bbox 212 656 324 710; x_wconf 90' lang='lat' dir='ltr'><strong>mento</strong></span> <span class='ocrx_word' id='word_1_19' title='bbox 337 642 694 729; x_wconf 64' lang='lat' dir='ltr'><strong>agnoscitur,›quamvis</strong></span> <span class='ocrx_word' id='word_1_20' title='bbox 709 643 892 731; x_wconf 80' lang='lat' dir='ltr'>nuperrime</span> <span class='ocrx_word' id='word_1_21' title='bbox 906 641 1077 706; x_wconf 90' lang='lat' dir='ltr'><strong>Judaicum</strong></span> <span class='ocrx_word' id='word_1_22' title='bbox 1094 663 1215 705; x_wconf 91' lang='lat' dir='ltr'><strong>nomen</strong></span> <span class='ocrx_word' id='word_1_23' title='bbox 1230 642 1262 707; x_wconf 92' lang='lat' dir='ltr'><strong>in</strong></span> <span class='ocrx_word' id='word_1_24' title='bbox 1292 706 1294 710; x_wconf 77' lang='grc'><strong>,</strong></span> 
     </span>
     <span class='ocr_line' id='line_1_5' title="bbox 211 720 1263 815; baseline -0.008 -17"><span class='ocrx_word' id='word_1_25' title='bbox 211 731 222 798; x_wconf 90' lang='lat' dir='ltr'><strong>i</strong></span> <span class='ocrx_word' id='word_1_26' title='bbox 247 754 297 795; x_wconf 86' lang='lat' dir='ltr'><strong>sas</strong></span> <span class='ocrx_word' id='word_1_27' title='bbox 313 729 403 815; x_wconf 86' lang='lat' dir='ltr'><strong>leges</strong></span> <span class='ocrx_word' id='word_1_28' title='bbox 419 729 572 792; x_wconf 83' lang='lat' dir='ltr'>inducere</span> <span class='ocrx_word' id='word_1_29' title='bbox 588 728 789 794; x_wconf 56' lang='lat' dir='ltr'><strong>studuerint(</strong></span> <span class='ocrx_word' id='word_1_30' title='bbox 818 720 886 794; x_wconf 81' lang='lat' dir='ltr'><strong>Qui</strong></span> <span class='ocrx_word' id='word_1_31' title='bbox 901 727 985 792; x_wconf 90' lang='lat' dir='ltr'><strong>enim</strong></span> <span class='ocrx_word' id='word_1_32' title='bbox 1002 727 1069 791; x_wconf 87' lang='lat' dir='ltr'><strong>dies</strong></span> <span class='ocrx_word' id='word_1_33' title='bbox 1084 727 1185 791; x_wconf 90' lang='lat' dir='ltr'><strong>veteri</strong></span> <span class='ocrx_word' id='word_1_34' title='bbox 1201 725 1263 791; x_wconf 83' lang='lat' dir='ltr'><strong>foe-</strong></span> 
     </span>
    </p>

    <p class='ocr_par' dir='ltr' id='par_1_3' title="bbox 207 813 1280 1769">
     <span class='ocr_line' id='line_1_6' title="bbox 236 813 1261 916; baseline -0.003 -35"><span class='ocrx_word' id='word_1_35' title='bbox 236 839 290 881; x_wconf 89' lang='lat' dir='ltr'><strong>ere</strong></span> <span class='ocrx_word' id='word_1_36' title='bbox 304 815 520 880; x_wconf 87' lang='lat' dir='ltr'><strong>sanctificatus</strong></span> <span class='ocrx_word' id='word_1_37' title='bbox 537 814 666 893; x_wconf 89' lang='lat' dir='ltr'><strong>colitur,</strong></span> <span class='ocrx_word' id='word_1_38' title='bbox 681 815 708 878; x_wconf 88' lang='lat' dir='ltr'><strong>is</strong></span> <span class='ocrx_word' id='word_1_39' title='bbox 723 814 892 916; x_wconf 91' lang='lat' dir='ltr'><strong>septimus,</strong></span> <span class='ocrx_word' id='word_1_40' title='bbox 909 836 973 877; x_wconf 93' lang='lat' dir='ltr'><strong>non</strong></span> <span class='ocrx_word' id='word_1_41' title='bbox 990 813 1113 900; x_wconf 89' lang='lat' dir='ltr'><strong>primus</strong></span> <span class='ocrx_word' id='word_1_42' title='bbox 1127 828 1177 877; x_wconf 91' lang='lat' dir='ltr'><strong>est</strong></span> <span class='ocrx_word' id='word_1_43' title='bbox 1186 837 1197 892; x_wconf 87' lang='lat'>;</span> <span class='ocrx_word' id='word_1_44' title='bbox 1212 824 1261 878; x_wconf 91' lang='lat' dir='ltr'><strong>at-</strong></span> 
     </span>
     <span class='ocr_line' id='line_1_7' title="bbox 214 898 1264 990; baseline -0.005 -22"><span class='ocrx_word' id='word_1_45' title='bbox 214 925 278 990; x_wconf 91' lang='lat' dir='ltr'><strong>que</strong></span> <span class='ocrx_word' id='word_1_46' title='bbox 299 902 331 966; x_wconf 90' lang='lat' dir='ltr'><strong>in</strong></span> <span class='ocrx_word' id='word_1_47' title='bbox 352 903 450 966; x_wconf 84' lang='lat' dir='ltr'><strong>No&#39;vo</strong></span> <span class='ocrx_word' id='word_1_48' title='bbox 468 901 678 965; x_wconf 87' lang='lat' dir='ltr'><strong>Testamento</strong></span> <span class='ocrx_word' id='word_1_49' title='bbox 701 900 781 964; x_wconf 90' lang='lat' dir='ltr'><strong>nihrl</strong></span> <span class='ocrx_word' id='word_1_50' title='bbox 805 901 847 965; x_wconf 91' lang='lat' dir='ltr'><strong>de</strong></span> <span class='ocrx_word' id='word_1_51' title='bbox 867 900 958 964; x_wconf 81' lang='lat' dir='ltr'><strong>cultu</strong></span> <span class='ocrx_word' id='word_1_52' title='bbox 980 899 1173 987; x_wconf 89' lang='lat' dir='ltr'><strong>cujusquam</strong></span> <span class='ocrx_word' id='word_1_53' title='bbox 1199 898 1264 964; x_wconf 89' lang='lat' dir='ltr'><strong>diei</strong></span> 
     </span>
     <span class='ocr_line' id='line_1_8' title="bbox 213 984 1263 1072; baseline -0.004 -18"><span class='ocrx_word' id='word_1_54' title='bbox 213 988 380 1054; x_wconf 85' lang='lat' dir='ltr'><strong>substituti</strong></span> <span class='ocrx_word' id='word_1_55' title='bbox 403 987 436 1051; x_wconf 93' lang='lat' dir='ltr'><strong>in</strong></span> <span class='ocrx_word' id='word_1_56' title='bbox 456 987 581 1051; x_wconf 91' lang='lat' dir='ltr'><strong>sabbati</strong></span> <span class='ocrx_word' id='word_1_57' title='bbox 602 986 712 1051; x_wconf 91' lang='lat' dir='ltr'><strong>locum</strong></span> <span class='ocrx_word' id='word_1_58' title='bbox 733 986 928 1072; x_wconf 86' lang='lat' dir='ltr'><strong>praecipitur,</strong></span> <span class='ocrx_word' id='word_1_59' title='bbox 949 987 1067 1051; x_wconf 90' lang='lat' dir='ltr'><strong>nedum</strong></span> <span class='ocrx_word' id='word_1_60' title='bbox 1092 985 1181 1050; x_wconf 89' lang='lat' dir='ltr'><strong>aliud</strong></span> <span class='ocrx_word' id='word_1_61' title='bbox 1203 984 1263 1050; x_wconf 85' lang='lat' dir='ltr'><strong>ali·</strong></span> 
     </span>
     <span class='ocr_line' id='line_1_9' title="bbox 214 1071 1280 1161; baseline -0.002 -22"><span class='ocrx_word' id='word_1_62' title='bbox 214 1074 304 1161; x_wconf 92' lang='lat' dir='ltr'><strong>quod</strong></span> <span class='ocrx_word' id='word_1_63' title='bbox 319 1073 490 1138; x_wconf 85' lang='lat' dir='ltr'><strong>sabbatum</strong></span> <span class='ocrx_word' id='word_1_64' title='bbox 509 1073 702 1152; x_wconf 81' lang='lat' dir='ltr'><strong>instituitur3</strong></span> <span class='ocrx_word' id='word_1_65' title='bbox 725 1094 802 1138; x_wconf 87' lang='lat' dir='ltr'><strong>eum</strong></span> <span class='ocrx_word' id='word_1_66' title='bbox 817 1087 910 1138; x_wconf 88' lang='lat' dir='ltr'><strong>vetus</strong></span> <span class='ocrx_word' id='word_1_67' title='bbox 928 1073 1008 1137; x_wconf 91' lang='lat' dir='ltr'><strong>illud</strong></span> <span class='ocrx_word' id='word_1_68' title='bbox 1027 1071 1161 1151; x_wconf 86' lang='lat' dir='ltr'><strong>festum,</strong></span> <span class='ocrx_word' id='word_1_69' title='bbox 1177 1092 1280 1137; x_wconf 58' lang='lat' dir='ltr'><strong>nune⁴</strong></span> 
     </span>
     <span class='ocr_line' id='line_1_10' title="bbox 214 1157 1262 1246; baseline -0.001 -22"><span class='ocrx_word' id='word_1_70' title='bbox 214 1182 279 1224; x_wconf 91' lang='lat' dir='ltr'><strong>non</strong></span> <span class='ocrx_word' id='word_1_71' title='bbox 294 1159 415 1224; x_wconf 87' lang='lat' dir='ltr'><strong>diutius</strong></span> <span class='ocrx_word' id='word_1_72' title='bbox 432 1161 637 1246; x_wconf 90' lang='lat' dir='ltr'><strong>imperatum,</strong></span> <span class='ocrx_word' id='word_1_73' title='bbox 649 1172 682 1222; x_wconf 89' lang='lat' dir='ltr'><strong>et</strong></span> <span class='ocrx_word' id='word_1_74' title='bbox 697 1158 812 1223; x_wconf 91' lang='lat' dir='ltr'><strong>doceat</strong></span> <span class='ocrx_word' id='word_1_75' title='bbox 827 1160 860 1222; x_wconf 91' lang='lat' dir='ltr'><strong>S.</strong></span> <span class='ocrx_word' id='word_1_76' title='bbox 875 1160 1050 1245; x_wconf 85' lang='lat' dir='ltr'><strong>Scriptura,</strong></span> <span class='ocrx_word' id='word_1_77' title='bbox 1066 1171 1100 1221; x_wconf 90' lang='lat' dir='ltr'><strong>et</strong></span> <span class='ocrx_word' id='word_1_78' title='bbox 1115 1157 1262 1223; x_wconf 88' lang='lat' dir='ltr'><strong>credide-</strong></span> 
     </span>
     <span class='ocr_line' id='line_1_11' title="bbox 213 1242 1263 1332; baseline -0.002 -22"><span class='ocrx_word' id='word_1_79' title='bbox 213 1247 256 1310; x_wconf 88' lang='lat' dir='ltr'><strong>rit</strong></span> <span class='ocrx_word' id='word_1_80' title='bbox 277 1245 464 1331; x_wconf 84' lang='lat' dir='ltr'><strong>antiquitas,</strong></span> <span class='ocrx_word' id='word_1_81' title='bbox 482 1259 597 1331; x_wconf 91' lang='lat' dir='ltr'><strong>typum</strong></span> <span class='ocrx_word' id='word_1_82' title='bbox 613 1266 682 1308; x_wconf 87' lang='lat' dir='ltr'><strong>esse</strong></span> <span class='ocrx_word' id='word_1_83' title='bbox 702 1245 855 1332; x_wconf 85' lang='lat' dir='ltr'><strong>requietis</strong></span> <span class='ocrx_word' id='word_1_84' title='bbox 873 1245 987 1332; x_wconf 92' lang='lat' dir='ltr'><strong>populi</strong></span> <span class='ocrx_word' id='word_1_85' title='bbox 1004 1243 1080 1323; x_wconf 92' lang='lat' dir='ltr'><strong>Dei,</strong></span> <span class='ocrx_word' id='word_1_86' title='bbox 1096 1242 1263 1308; x_wconf 87' lang='lat' dir='ltr'><strong>laboribus</strong></span> 
     </span>
     <span class='ocr_line' id='line_1_12' title="bbox 214 1331 1262 1417; baseline -0.004 -20"><span class='ocrx_word' id='word_1_87' title='bbox 214 1332 365 1417; x_wconf 90' lang='lat' dir='ltr'><strong>curisque</strong></span> <span class='ocrx_word' id='word_1_88' title='bbox 384 1331 554 1395; x_wconf 88' lang='lat' dir='ltr'><strong>mundanis</strong></span> <span class='ocrx_word' id='word_1_89' title='bbox 574 1331 711 1410; x_wconf 84' lang='lat' dir='ltr'><strong>liberati,</strong></span> <span class='ocrx_word' id='word_1_90' title='bbox 726 1331 788 1410; x_wconf 90' lang='lat' dir='ltr'><strong>vel,</strong></span> <span class='ocrx_word' id='word_1_91' title='bbox 802 1343 840 1396; x_wconf 94' lang='lat' dir='ltr'><strong>ut</strong></span> <span class='ocrx_word' id='word_1_92' title='bbox 854 1331 955 1417; x_wconf 82' lang='lat' dir='ltr'><strong>aliqui</strong></span> <span class='ocrx_word' id='word_1_93' title='bbox 969 1341 1176 1408; x_wconf 91' lang='lat' dir='ltr'><strong>censuerunt,</strong></span> <span class='ocrx_word' id='word_1_94' title='bbox 1193 1350 1262 1393; x_wconf 87' lang='lat' dir='ltr'><strong>ces-</strong></span> 
     </span>
     <span class='ocr_line' id='line_1_13' title="bbox 214 1416 1278 1502; baseline -0.001 -20"><span class='ocrx_word' id='word_1_95' title='bbox 214 1416 347 1482; x_wconf 84' lang='lat' dir='ltr'><strong>sationis</strong></span> <span class='ocrx_word' id='word_1_96' title='bbox 363 1417 404 1480; x_wconf 94' lang='lat' dir='ltr'><strong>ab</strong></span> <span class='ocrx_word' id='word_1_97' title='bbox 417 1416 567 1502; x_wconf 81' lang='lat' dir='ltr'><strong>operibus</strong></span> <span class='ocrx_word' id='word_1_98' title='bbox 582 1416 707 1502; x_wconf 88' lang='lat' dir='ltr'><strong>peccati</strong></span> <span class='ocrx_word' id='word_1_99' title='bbox 721 1428 754 1482; x_wconf 88' lang='lat' dir='ltr'><strong>et</strong></span> <span class='ocrx_word' id='word_1_100' title='bbox 770 1418 899 1496; x_wconf 75' lang='lat' dir='ltr'><strong>saeculi,</strong></span> <span class='ocrx_word' id='word_1_101' title='bbox 921 1417 1000 1481; x_wconf 91' lang='lat' dir='ltr'><strong>dum</strong></span> <span class='ocrx_word' id='word_1_102' title='bbox 1015 1416 1121 1480; x_wconf 89' lang='lat' dir='ltr'><strong>obiter</strong></span> <span class='ocrx_word' id='word_1_103' title='bbox 1136 1426 1278 1481; x_wconf 88' lang='lat' dir='ltr'><strong>tantum-</strong></span> 
     </span>
     <span class='ocr_line' id='line_1_14' title="bbox 207 1501 1265 1588; baseline 0.004 -26"><span class='ocrx_word' id='word_1_104' title='bbox 207 1515 415 1582; x_wconf 57' lang='lat' dir='ltr'><strong>,memoratur</strong></span> <span class='ocrx_word' id='word_1_105' title='bbox 430 1502 470 1567; x_wconf 89' lang='lat' dir='ltr'><strong>ab</strong></span> <span class='ocrx_word' id='word_1_106' title='bbox 486 1502 640 1588; x_wconf 83' lang='lat' dir='ltr'><strong>apostolo</strong></span> <span class='ocrx_word' id='word_1_107' title='bbox 649 1503 785 1583; x_wconf 81' lang='lat' dir='ltr'><strong>Joanne,</strong></span> <span class='ocrx_word' id='word_1_108' title='bbox 800 1516 834 1569; x_wconf 86' lang='lat' dir='ltr'><strong>et</strong></span> <span class='ocrx_word' id='word_1_109' title='bbox 847 1502 985 1573; x_wconf 80' lang='lat' dir='ltr'><strong>fortasse</strong></span> <span class='ocrx_word' id='word_1_110' title='bbox 997 1503 1096 1571; x_wconf 79' lang='lat' dir='ltr'><strong>ass.</strong></span> <span class='ocrx_word' id='word_1_111' title='bbox 1114 1501 1265 1568; x_wconf 80' lang='lat' dir='ltr'><strong>Paul&#39;oet</strong></span> 
     </span>
     <span class='ocr_line' id='line_1_15' title="bbox 209 1587 1263 1675; baseline -0.002 -18"><span class='ocrx_word' id='word_1_112' title='bbox 209 1592 317 1675; x_wconf 81' lang='lat' dir='ltr'><strong>Luca,</strong></span> <span class='ocrx_word' id='word_1_113' title='bbox 346 1589 415 1654; x_wconf 90' lang='lat' dir='ltr'><strong>dies</strong></span> <span class='ocrx_word' id='word_1_114' title='bbox 438 1588 648 1668; x_wconf 89' lang='lat' dir='ltr'><strong>Dominicus,</strong></span> <span class='ocrx_word' id='word_1_115' title='bbox 675 1612 732 1654; x_wconf 89' lang='lat' dir='ltr'><strong>seu</strong></span> <span class='ocrx_word' id='word_1_116' title='bbox 762 1587 998 1663; x_wconf 80' lang='lat' dir='ltr'><strong>hebdomadale</strong></span> <span class='ocrx_word' id='word_1_117' title='bbox 1023 1587 1263 1655; x_wconf 83' lang='lat' dir='ltr'><strong>resurrectionis</strong></span> 
     </span>
     <span class='ocr_line' id='line_1_16' title="bbox 215 1672 1264 1769; baseline -0.003 -27"><span class='ocrx_word' id='word_1_118' title='bbox 215 1677 347 1747; x_wconf 85' lang='lat' dir='ltr'><strong>festum.</strong></span> <span class='ocrx_word' id='word_1_119' title='bbox 390 1675 497 1769; x_wconf 88' lang='lat' dir='ltr'><strong>Atqui</strong></span> <span class='ocrx_word' id='word_1_120' title='bbox 519 1675 546 1740; x_wconf 87' lang='lat' dir='ltr'><strong>si</strong></span> <span class='ocrx_word' id='word_1_121' title='bbox 568 1675 675 1742; x_wconf 85' lang='lat' dir='ltr'><strong>adhuc</strong></span> <span class='ocrx_word' id='word_1_122' title='bbox 697 1675 801 1755; x_wconf 84' lang='lat' dir='ltr'><strong>valere</strong></span> <span class='ocrx_word' id='word_1_123' title='bbox 822 1674 940 1741; x_wconf 89' lang='lat' dir='ltr'><strong>dicitur</strong></span> <span class='ocrx_word' id='word_1_124' title='bbox 960 1676 1050 1741; x_wconf 70' lang='lat' dir='ltr'><strong>v&#39;etus</strong></span> <span class='ocrx_word' id='word_1_125' title='bbox 1070 1672 1203 1740; x_wconf 72' lang='lat' dir='ltr'><strong>len&#39;illa</strong></span> <span class='ocrx_word' id='word_1_126' title='bbox 1224 1673 1264 1739; x_wconf 88' lang='lat' dir='ltr'><strong>de</strong></span> 
     </span>
    </p>
   </div>
   <div class='ocr_carea' id='block_1_3' title="bbox 99 1758 1263 1851">
    <p class='ocr_par' dir='ltr' id='par_1_4' title="bbox 99 1758 1263 1851">
     <span class='ocr_line' id='line_1_17' title="bbox 99 1758 1263 1851; baseline -0.003 -22"><span class='ocrx_word' id='word_1_127' title='bbox 99 1804 101 1811; x_wconf 56' lang='lat'>&gt;</span> <span class='ocrx_word' id='word_1_128' title='bbox 212 1763 363 1842; x_wconf 72' lang='lat' dir='ltr'><strong>sabbate,</strong></span> <span class='ocrx_word' id='word_1_129' title='bbox 386 1760 518 1828; x_wconf 72' lang='lat' dir='ltr'><strong>seuedie</strong></span> <span class='ocrx_word' id='word_1_130' title='bbox 541 1763 691 1849; x_wconf 90' lang='lat' dir='ltr'><strong>septim0,</strong></span> <span class='ocrx_word' id='word_1_131' title='bbox 714 1760 900 1851; x_wconf 10' lang='lat' dir='ltr'><strong>nec,*quod</strong></span> <span class='ocrx_word' id='word_1_132' title='bbox 922 1758 1098 1826; x_wconf 84' lang='lat' dir='ltr'><strong>clarissime</strong></span> <span class='ocrx_word' id='word_1_133' title='bbox 1123 1772 1263 1841; x_wconf 86' lang='lat' dir='ltr'><strong>constat,</strong></span> 
     </span>
    </p>
   </div>
   <div class='ocr_carea' id='block_1_4' title="bbox 210 1842 1264 2034">
    <p class='ocr_par' dir='ltr' id='par_1_5' title="bbox 210 1842 1264 2034">
     <span class='ocr_line' id='line_1_18' title="bbox 212 1842 1263 1936; baseline -0.002 -23"><span class='ocrx_word' id='word_1_134' title='bbox 212 1848 493 1936; x_wconf 87' lang='lat' dir='ltr'><strong>quemadmodum</strong></span> <span class='ocrx_word' id='word_1_135' title='bbox 513 1848 623 1914; x_wconf 82' lang='lat' dir='ltr'><strong>caeteri</strong></span> <span class='ocrx_word' id='word_1_136' title='bbox 643 1850 735 1928; x_wconf 88' lang='lat' dir='ltr'><strong>ritus,</strong></span> <span class='ocrx_word' id='word_1_137' title='bbox 755 1848 801 1914; x_wconf 80' lang='lat' dir='ltr'><strong>ita</strong></span> <span class='ocrx_word' id='word_1_138' title='bbox 818 1849 879 1914; x_wconf 89' lang='lat' dir='ltr'><strong>iste</strong></span> <span class='ocrx_word' id='word_1_139' title='bbox 900 1842 1067 1932; x_wconf 78' lang='lat' dir='ltr'><strong>evangelio</strong></span> <span class='ocrx_word' id='word_1_140' title='bbox 1085 1847 1263 1933; x_wconf 84' lang='lat' dir='ltr'><strong>abrogatus</strong></span> 
     </span>
     <span class='ocr_line' id='line_1_19' title="bbox 210 1933 1264 2034; baseline -0.003 -34"><span class='ocrx_word' id='word_1_141' title='bbox 210 1955 286 2020; x_wconf 77' lang='lat' dir='ltr'><strong>esse</strong></span> <span class='ocrx_word' id='word_1_142' title='bbox 288 1958 301 2034; x_wconf 52' lang='grc' dir='ltr'><strong><em>ᾗ</em></strong></span> <span class='ocrx_word' id='word_1_143' title='bbox 317 1934 396 2021; x_wconf 90' lang='lat' dir='ltr'><strong>quid</strong></span> <span class='ocrx_word' id='word_1_144' title='bbox 409 1946 507 2014; x_wconf 92' lang='lat' dir='ltr'><strong>vetat,</strong></span> <span class='ocrx_word' id='word_1_145' title='bbox 519 1935 596 2021; x_wconf 89' lang='lat' dir='ltr'><strong>quin</strong></span> <span class='ocrx_word' id='word_1_146' title='bbox 613 1947 776 2002; x_wconf 87' lang='lat' dir='ltr'><strong>serventur</strong></span> <span class='ocrx_word' id='word_1_147' title='bbox 789 1934 852 2014; x_wconf 90' lang='lat' dir='ltr'><strong>lex,</strong></span> <span class='ocrx_word' id='word_1_148' title='bbox 865 1956 942 1999; x_wconf 86' lang='lat' dir='ltr'><strong>curn</strong></span> <span class='ocrx_word' id='word_1_149' title='bbox 960 1934 1067 2000; x_wconf 79' lang='lat' dir='ltr'><strong>diuina</strong></span> <span class='ocrx_word' id='word_1_150' title='bbox 1078 1933 1134 2013; x_wconf 81' lang='lat' dir='ltr'><strong>sit,</strong></span> <span class='ocrx_word' id='word_1_151' title='bbox 1149 1950 1184 2004; x_wconf 84' lang='lat' dir='ltr'><strong>et</strong></span> <span class='ocrx_word' id='word_1_152' title='bbox 1198 1933 1264 1999; x_wconf 85' lang='lat' dir='ltr'><strong>dies</strong></span> 
     </span>
    </p>
   </div>
   <div class='ocr_carea' id='block_1_5' title="bbox 107 2018 1264 2107">
    <p class='ocr_par' dir='ltr' id='par_1_6' title="bbox 107 2018 1264 2107">
     <span class='ocr_line' id='line_1_20' title="bbox 107 2018 1264 2107; baseline -0.003 -21"><span class='ocrx_word' id='word_1_153' title='bbox 107 2042 110 2047; x_wconf 82' lang='lat'><em>·</em></span> <span class='ocrx_word' id='word_1_154' title='bbox 190 2035 384 2107; x_wconf 75' lang='lat' dir='ltr'><strong>septimus,</strong></span> <span class='ocrx_word' id='word_1_155' title='bbox 406 2042 502 2107; x_wconf 89' lang='lat' dir='ltr'><strong>quem</strong></span> <span class='ocrx_word' id='word_1_156' title='bbox 530 2019 670 2107; x_wconf 90' lang='lat' dir='ltr'><strong>apostoli</strong></span> <span class='ocrx_word' id='word_1_157' title='bbox 693 2020 925 2095; x_wconf 78' lang='lat' dir='ltr'><strong>observabant?</strong></span> <span class='ocrx_word' id='word_1_158' title='bbox 951 2021 1011 2102; x_wconf 91' lang='lat' dir='ltr'><strong>sin,</strong></span> <span class='ocrx_word' id='word_1_159' title='bbox 1035 2032 1074 2084; x_wconf 90' lang='lat' dir='ltr'><strong>ut</strong></span> <span class='ocrx_word' id='word_1_160' title='bbox 1098 2018 1264 2105; x_wconf 61' lang='grc' dir='ltr'><strong>ἀμαρτύρωρ</strong></span> 
     </span>
    </p>
   </div>
   <div class='ocr_carea' id='block_1_6' title="bbox 205 2104 1309 2884">
    <p class='ocr_par' dir='ltr' id='par_1_7' title="bbox 205 2104 1309 2884">
     <span class='ocr_line' id='line_1_21' title="bbox 210 2104 1309 2193; baseline -0.003 -20"><span class='ocrx_word' id='word_1_161' title='bbox 210 2105 393 2185; x_wconf 71' lang='lat' dir='ltr'><strong>aiuntisti,</strong></span> <span class='ocrx_word' id='word_1_162' title='bbox 416 2106 587 2173; x_wconf 88' lang='lat' dir='ltr'><strong>emendata</strong></span> <span class='ocrx_word' id='word_1_163' title='bbox 607 2106 659 2171; x_wconf 89' lang='lat' dir='ltr'><strong>lex</strong></span> <span class='ocrx_word' id='word_1_164' title='bbox 680 2118 740 2187; x_wconf 89' lang='lat' dir='ltr'><strong>est,</strong></span> <span class='ocrx_word' id='word_1_165' title='bbox 759 2121 858 2193; x_wconf 88' lang='lat' dir='ltr'><strong>atque</strong></span> <span class='ocrx_word' id='word_1_166' title='bbox 879 2107 949 2171; x_wconf 80' lang='lat' dir='ltr'><strong>dies&#39;</strong></span> <span class='ocrx_word' id='word_1_167' title='bbox 964 2106 1018 2172; x_wconf 89' lang='lat' dir='ltr'><strong>ille</strong></span> <span class='ocrx_word' id='word_1_168' title='bbox 1035 2104 1194 2189; x_wconf 79' lang='lat' dir='ltr'><strong>mutatus,</strong></span> <span class='ocrx_word' id='word_1_169' title='bbox 1208 2105 1264 2193; x_wconf 89' lang='lat' dir='ltr'><strong>qui</strong></span> <span class='ocrx_word' id='word_1_170' title='bbox 1303 2162 1309 2170; x_wconf 93' lang='lat'><strong><em>.</em></strong></span> 
     </span>
     <span class='ocr_line' id='line_1_22' title="bbox 214 2190 1263 2279; baseline -0.002 -22"><span class='ocrx_word' id='word_1_171' title='bbox 214 2191 295 2258; x_wconf 79' lang='lat' dir='ltr'><strong>orbe</strong></span> <span class='ocrx_word' id='word_1_172' title='bbox 309 2190 442 2257; x_wconf 88' lang='lat' dir='ltr'><strong>condito</strong></span> <span class='ocrx_word' id='word_1_173' title='bbox 457 2191 647 2257; x_wconf 86' lang='lat' dir='ltr'><strong>benedictus</strong></span> <span class='ocrx_word' id='word_1_174' title='bbox 660 2205 693 2258; x_wconf 89' lang='lat' dir='ltr'><strong>et</strong></span> <span class='ocrx_word' id='word_1_175' title='bbox 708 2193 928 2258; x_wconf 78' lang='lat' dir='ltr'><strong>sanctificatus</strong></span> <span class='ocrx_word' id='word_1_176' title='bbox 939 2192 1083 2279; x_wconf 60' lang='lat' dir='ltr'><strong>estquis</strong></span> <span class='ocrx_word' id='word_1_177' title='bbox 1098 2193 1263 2256; x_wconf 81' lang='lat' dir='ltr'><strong>euin²cor=</strong></span> 
     </span>
     <span class='ocr_line' id='line_1_23' title="bbox 206 2277 1263 2366; baseline 0.002 -26"><span class='ocrx_word' id='word_1_178' title='bbox 206 2278 313 2355; x_wconf 67' lang='lat' dir='ltr'><strong>⁴ueniti</strong></span> <span class='ocrx_word' id='word_1_179' title='bbox 329 2278 404 2365; x_wconf 87' lang='lat' dir='ltr'><strong>quis</strong></span> <span class='ocrx_word' id='word_1_180' title='bbox 417 2279 576 2345; x_wconf 74' lang='lat' dir='ltr'><strong>mutarit?</strong></span> <span class='ocrx_word' id='word_1_181' title='bbox 601 2278 700 2344; x_wconf 84' lang='lat' dir='ltr'><strong>Certe</strong></span> <span class='ocrx_word' id='word_1_182' title='bbox 714 2278 749 2345; x_wconf 88' lang='lat' dir='ltr'><strong>in</strong></span> <span class='ocrx_word' id='word_1_183' title='bbox 760 2280 800 2349; x_wconf 79' lang='lat' dir='ltr'><strong>S.</strong></span> <span class='ocrx_word' id='word_1_184' title='bbox 815 2280 982 2366; x_wconf 86' lang='lat' dir='ltr'><strong>Scriptura</strong></span> <span class='ocrx_word' id='word_1_185' title='bbox 995 2280 1096 2344; x_wconf 77' lang='lat' dir='ltr'><strong>altum</strong></span> <span class='ocrx_word' id='word_1_186' title='bbox 1113 2277 1159 2343; x_wconf 83' lang='lat' dir='ltr'><strong>de</strong></span> <span class='ocrx_word' id='word_1_187' title='bbox 1174 2299 1208 2342; x_wconf 81' lang='lat' dir='ltr'><strong>re</strong></span> <span class='ocrx_word' id='word_1_188' title='bbox 1222 2277 1263 2342; x_wconf 81' lang='lat' dir='ltr'><strong>si·</strong></span> 
     </span>
     <span class='ocr_line' id='line_1_24' title="bbox 214 2363 1264 2451; baseline -0.001 -22"><span class='ocrx_word' id='word_1_189' title='bbox 214 2364 350 2430; x_wconf 88' lang='lat' dir='ltr'><strong>lentium</strong></span> <span class='ocrx_word' id='word_1_190' title='bbox 365 2378 425 2429; x_wconf 90' lang='lat' dir='ltr'><strong>est.</strong></span> <span class='ocrx_word' id='word_1_191' title='bbox 470 2367 708 2451; x_wconf 11' lang='lat' dir='ltr'><strong>Restatyautem</strong></span> <span class='ocrx_word' id='word_1_192' title='bbox 725 2365 834 2447; x_wconf 88' lang='lat' dir='ltr'><strong>nobis,</strong></span> <span class='ocrx_word' id='word_1_193' title='bbox 848 2388 912 2450; x_wconf 87' lang='lat' dir='ltr'><strong>nou</strong></span> <span class='ocrx_word' id='word_1_194' title='bbox 931 2366 1103 2448; x_wconf 89' lang='lat' dir='ltr'><strong>sabbatum</strong></span> <span class='ocrx_word' id='word_1_195' title='bbox 1120 2363 1264 2451; x_wconf 88' lang='lat' dir='ltr'><strong>quidem,</strong></span> 
     </span>
     <span class='ocr_line' id='line_1_25' title="bbox 214 2448 1297 2540; baseline 0 -26"><span class='ocrx_word' id='word_1_196' title='bbox 214 2450 292 2538; x_wconf 90' lang='lat' dir='ltr'><strong>quia</strong></span> <span class='ocrx_word' id='word_1_197' title='bbox 310 2450 453 2516; x_wconf 90' lang='lat' dir='ltr'><strong>deletum</strong></span> <span class='ocrx_word' id='word_1_198' title='bbox 476 2448 573 2539; x_wconf 78' lang='lat' dir='ltr'><strong>&#39;atque</strong></span> <span class='ocrx_word' id='word_1_199' title='bbox 592 2453 793 2540; x_wconf 86' lang='lat' dir='ltr'><strong>abrogatum</strong></span> <span class='ocrx_word' id='word_1_200' title='bbox 804 2465 864 2533; x_wconf 90' lang='lat' dir='ltr'><strong>est,</strong></span> <span class='ocrx_word' id='word_1_201' title='bbox 883 2451 940 2517; x_wconf 91' lang='lat' dir='ltr'><strong>sed</strong></span> <span class='ocrx_word' id='word_1_202' title='bbox 962 2450 1029 2517; x_wconf 90' lang='lat' dir='ltr'><strong>dies</strong></span> <span class='ocrx_word' id='word_1_203' title='bbox 1048 2449 1266 2516; x_wconf 88' lang='lat' dir='ltr'><strong>vetustissima</strong></span> <span class='ocrx_word' id='word_1_204' title='bbox 1293 2461 1297 2465; x_wconf 79' lang='grc'><strong>’</strong></span> 
     </span>
     <span class='ocr_line' id='line_1_26' title="bbox 213 2537 1264 2626; baseline -0.001 -25"><span class='ocrx_word' id='word_1_205' title='bbox 213 2537 449 2602; x_wconf 89' lang='lat' dir='ltr'><strong>consuetudine</strong></span> <span class='ocrx_word' id='word_1_206' title='bbox 469 2551 502 2605; x_wconf 92' lang='lat' dir='ltr'><strong>et</strong></span> <span class='ocrx_word' id='word_1_207' title='bbox 526 2550 684 2626; x_wconf 86' lang='lat' dir='ltr'><strong>perpetuo</strong></span> <span class='ocrx_word' id='word_1_208' title='bbox 710 2537 861 2604; x_wconf 81' lang='lat' dir='ltr'><strong>ecelesiae</strong></span> <span class='ocrx_word' id='word_1_209' title='bbox 883 2559 1042 2603; x_wconf 87' lang='lat' dir='ltr'><strong>consensu</strong></span> <span class='ocrx_word' id='word_1_210' title='bbox 1064 2537 1264 2615; x_wconf 85' lang='lat' dir='ltr'><strong>observatus,</strong></span> 
     </span>
     <span class='ocr_line' id='line_1_27' title="bbox 213 2621 1264 2713; baseline -0.001 -26"><span class='ocrx_word' id='word_1_211' title='bbox 213 2621 285 2688; x_wconf 89' lang='lat' dir='ltr'><strong>dies</strong></span> <span class='ocrx_word' id='word_1_212' title='bbox 298 2624 482 2689; x_wconf 86' lang='lat' dir='ltr'><strong>Dominieae</strong></span> <span class='ocrx_word' id='word_1_213' title='bbox 493 2625 745 2705; x_wconf 85' lang='lat' dir='ltr'><strong>resurrectionis,</strong></span> <span class='ocrx_word' id='word_1_214' title='bbox 758 2647 825 2713; x_wconf 89' lang='lat' dir='ltr'><strong>quo</strong></span> <span class='ocrx_word' id='word_1_215' title='bbox 840 2623 965 2690; x_wconf 87' lang='lat' dir='ltr'><strong>cultum</strong></span> <span class='ocrx_word' id='word_1_216' title='bbox 980 2622 1058 2704; x_wconf 90' lang='lat' dir='ltr'><strong>Dei,</strong></span> <span class='ocrx_word' id='word_1_217' title='bbox 1071 2622 1133 2708; x_wconf 87' lang='lat' dir='ltr'><strong>ipsi</strong></span> <span class='ocrx_word' id='word_1_218' title='bbox 1144 2637 1179 2688; x_wconf 87' lang='lat' dir='ltr'><strong>et</strong></span> <span class='ocrx_word' id='word_1_219' title='bbox 1192 2622 1264 2710; x_wconf 82' lang='lat' dir='ltr'><strong>lege</strong></span> 
     </span>
     <span class='ocr_line' id='line_1_28' title="bbox 205 2709 1263 2798; baseline 0 -26"><span class='ocrx_word' id='word_1_220' title='bbox 205 2721 339 2774; x_wconf 86' lang='lat' dir='ltr'><strong>naturae</strong></span> <span class='ocrx_word' id='word_1_221' title='bbox 358 2710 516 2792; x_wconf 87' lang='lat' dir='ltr'><strong>debitum,</strong></span> <span class='ocrx_word' id='word_1_222' title='bbox 535 2709 665 2798; x_wconf 87' lang='lat' dir='ltr'><strong>publice</strong></span> <span class='ocrx_word' id='word_1_223' title='bbox 684 2710 897 2778; x_wconf 85' lang='lat' dir='ltr'><strong>celebramus.</strong></span> <span class='ocrx_word' id='word_1_224' title='bbox 942 2709 1008 2775; x_wconf 90' lang='lat' dir='ltr'><strong>Hic</strong></span> <span class='ocrx_word' id='word_1_225' title='bbox 1025 2731 1099 2774; x_wconf 82' lang='lat' dir='ltr'><strong>vero</strong></span> <span class='ocrx_word' id='word_1_226' title='bbox 1116 2709 1187 2775; x_wconf 89' lang='lat' dir='ltr'><strong>dies</strong></span> <span class='ocrx_word' id='word_1_227' title='bbox 1208 2731 1263 2784; x_wconf 85' lang='lat' dir='ltr'><strong>ne·</strong></span> 
     </span>
     <span class='ocr_line' id='line_1_29' title="bbox 215 2792 1263 2884; baseline 0.001 -25"><span class='ocrx_word' id='word_1_228' title='bbox 215 2805 281 2882; x_wconf 74' lang='lat' dir='ltr'><strong>qne</strong></span> <span class='ocrx_word' id='word_1_229' title='bbox 294 2795 328 2860; x_wconf 89' lang='lat' dir='ltr'><strong>in</strong></span> <span class='ocrx_word' id='word_1_230' title='bbox 344 2796 519 2882; x_wconf 84' lang='lat' dir='ltr'><strong>Scriptura,</strong></span> <span class='ocrx_word' id='word_1_231' title='bbox 536 2809 574 2862; x_wconf 91' lang='lat' dir='ltr'><strong>ut</strong></span> <span class='ocrx_word' id='word_1_232' title='bbox 591 2810 706 2864; x_wconf 87' lang='lat' dir='ltr'><strong>notum</strong></span> <span class='ocrx_word' id='word_1_233' title='bbox 720 2798 871 2863; x_wconf 84' lang='lat' dir='ltr'><strong>omuibus</strong></span> <span class='ocrx_word' id='word_1_234' title='bbox 886 2811 945 2877; x_wconf 90' lang='lat' dir='ltr'><strong>est,</strong></span> <span class='ocrx_word' id='word_1_235' title='bbox 962 2819 1067 2884; x_wconf 89' lang='lat' dir='ltr'><strong>neque</strong></span> <span class='ocrx_word' id='word_1_236' title='bbox 1089 2796 1130 2871; x_wconf 87' lang='lat' dir='ltr'><strong>in</strong></span> <span class='ocrx_word' id='word_1_237' title='bbox 1142 2792 1263 2883; x_wconf 87' lang='lat' dir='ltr'><strong>prirno-</strong></span> 
     </span>
    </p>
   </div>
   <div class='ocr_carea' id='block_1_7' title="bbox 215 2878 1128 2971">
    <p class='ocr_par' dir='ltr' id='par_1_8' title="bbox 215 2878 1128 2971">
     <span class='ocr_line' id='line_1_30' title="bbox 215 2878 1128 2971; baseline 0.004 -27"><span class='ocrx_word' id='word_1_238' title='bbox 215 2886 289 2944; x_wconf 84' lang='lat' dir='ltr'><strong>rum</strong></span> <span class='ocrx_word' id='word_1_239' title='bbox 304 2881 500 2948; x_wconf 81' lang='lat' dir='ltr'><strong>saeculorum</strong></span> <span class='ocrx_word' id='word_1_240' title='bbox 514 2881 735 2967; x_wconf 86' lang='lat' dir='ltr'><strong>monimentis,</strong></span> <span class='ocrx_word' id='word_1_241' title='bbox 751 2878 923 2951; x_wconf 85' lang='lat' dir='ltr'><strong>sabbatum</strong></span> <span class='ocrx_word' id='word_1_242' title='bbox 937 2883 1128 2971; x_wconf 85' lang='lat' dir='ltr'><strong>appellatur.</strong></span> 
     </span>
    </p>
   </div>
   <div class='ocr_carea' id='block_1_8' title="bbox 0 0 1352 4740">
    <p class='ocr_par' dir='ltr' id='par_1_9' title="bbox 0 0 1352 4740">
     <span class='ocr_line' id='line_1_31' title="bbox 0 0 1352 4740; baseline 0 0"><span class='ocrx_word' id='word_1_243' title='bbox 0 0 1352 4740; x_wconf 95' lang='lat' dir='ltr'><strong> </strong></span> 
     </span>
    </p>
   </div>
  </div>
 </body>
</html>
