2684 4740
8 4282 49 4482 l

184 320 228 395 74
358 296 510 393 ‚GESTA
531 301 842 389 PURGATIONIS
864 300 1050 374 FELICIS.

180 485 206 520 “
214 476 258 545 ed
269 498 321 544 me
330 479 482 545 miserant
492 477 677 558 Christiani,
687 490 720 543 et
732 477 800 566 ipse
811 475 904 566 cujus
915 488 965 545 est
972 477 1176 566 praetorium.
1190 493 1229 549 et

180 595 205 629 ἵ(
216 588 341 655 dixisti:
353 587 446 655 Tolle
460 590 593 670 clavem,
604 603 638 655 et
648 609 732 676 quos
747 587 902 654 inveneris
915 588 949 653 in
960 587 1112 655 cathedra
1122 590 1228 657 libros

180 705 204 738 “
214 709 248 764 et
260 718 355 785 super
368 697 476 786 lapide
487 697 629 779 codices,
641 697 718 763 tolle
732 697 816 763 illos.
838 698 922 763 Sanc
933 698 1004 764 vide
1017 698 1170 766 officiales
1182 720 1226 767 ne

180 815 207 849 “
220 807 336 875 tollant
350 807 460 875 oleum
475 820 509 873 et
526 807 682 873 triticum.
726 809 770 873 Et
783 829 848 894 ego
863 807 928 873 dixi
943 808 1022 875 tibi:
1047 811 1099 876 Tu
1115 811 1223 895 nescis

178 923 203 959 “
213 917 290 1005 quia
303 917 360 984 ubi
371 917 536 1005 scripturae
550 917 765 998 inveniuntur,
776 917 848 1004 ipsa
861 917 978 983 domus
991 917 1154 999 diruitur?
1178 922 1222 985 Et

178 1034 205 1070 “
213 1029 343 1095 dixisti:
359 1029 449 1118 Quid
461 1050 543 1116 ergo
557 1028 734 1094 faciemus?
765 1031 808 1094 Et
822 1028 888 1093 dixi
901 1050 966 1115 ego
982 1030 1093 1095 vobis:
1110 1030 1221 1097 'solist

174 1143 325 1231 “aliquis
340 1143 382 1209 de
396 1143 505 1213 vestris
520 1144 554 1209 in
569 1165 641 1217 area
654 1143 712 1211 ubi
724 1143 886 1217 orationes
900 1143 1016 1223 fecitis,
1027 1156 1062 1210 et
1076 1144 1146 1213 illic
1156 1166 1219 1239 po·

173 1260 199 1295 “
209 1265 337 1325 nentur.
370 1255 415 1319 Et
427 1274 492 1341 ege
506 1253 598 1325 venio
612 1275 689 1319 cum
705 1252 905 1334 officialibus,
921 1264 955 1319 et
969 1253 1062 1319 tollo.
1098 1256 1145 1321 Et
1159 1276 1217 1325 uos

152 1416 155 1421 .
173 1369 199 1420 .“
209 1361 267 1429 illo
282 1363 437 1442 venimus,
451 1375 484 1431 et
497 1363 607 1433 omnia
621 1363 977 1433 tulimus—secundum
990 1386 1118 1435 sacrum
1133 1385 1215 1451 pre

172 1475 378 1561 “ceptum'’
400 1474 570 1542 Maximus.
579 1474 676 1541 dixit:
692 1475 857 1564 Quoniam
872 1473 942 1562 ejus
957 1476 1102 1564 epistola
1117 1476 1215 1543 lectio

173 1582 260 1671 apud
278 1594 350 1649 acte
363 1582 496 1650 recitate
508 1596 569 1666 est,
582 1606 681 1671 quam
701 1584 770 1671 ipse
786 1585 920 1672 agnovit
930 1607 968 1652 se
988 1585 1127 1666 misisse,
1141 1610 1214 1674 quc

172 1693 255 1768 dixit
269 1715 454 1782 quaesumus
470 1695 550 1761 actis
570 1694 723 1761 haereant.
767 1693 932 1783 speretius
947 1693 1097 1765 duumvir
1110 1694 1221 1791 disits

171 1806 258 1892 Qua
271 1803 380 1871 dixisti
394 1804 513 1893 scripta
526 1816 612 1870 sunt.
657 1804 829 1892 Agesilaus
848 1804 929 1871 dixit
943 1829 956 1869 ε.
976 1805 1031 1871 Ad
1053 1818 1211 1892 praesente

171 1911 257 1999 (for.
267 1913 317 1979 At
327 1916 535 2000 praesentem)
551 1914 721 2001 epistolam
736 1915 946 2003 recognovit3
962 1914 1125 1981 residuam
1138 1937 1212 2003 par-

169 2036 252 2103 tem,
263 2045 364 2113 quam
377 2045 463 2090 nunc
474 2023 567 2111 legit,
577 2025 693 2091 falsam
705 2047 775 2090 esse
788 2024 880 2090 dicit.
904 2025 1097 2091 Caecilianus
1110 2024 1210 2093 dixitt

168 2130 324 2216 Domine,
336 2155 441 2221 usque
455 2134 499 2201 ad
516 2134 580 2200 hoc
594 2134 710 2222 dictavi
727 2156 898 2221 usquequo
919 2134 1040 2199 habet:
1072 2132 1153 2220 Opto
1168 2144 1209 2216 lc,

165 2259 281 2330 porcas
292 2244 460 2326 casertan,
471 2243 666 2315 descendere.
687 2242 1001 2331 Apronianusdixit=
1016 2237 1153 2331 Semper
1163 2242 1209 2311 sic

167 2353 284 2429 fabum
298 2375 356 2442 per
367 2366 533 2434 terrorem,
545 2377 602 2442 per
613 2375 753 2434 scenam,
765 2375 823 2440 per
834 2352 1053 2440 inreligiosam
1066 2365 1208 2420 mentem

162 2475 341 2540 autument
353 2465 397 2533 ab
415 2464 539 2553 his‘qui
556 2464 725 2534 catholicae
745 2464 889 2533 ecclesiae
910 2463 1093 2531 consentire
1115 2464 1208 2532 nolu·

166 2585 271 2647 amnt·
291 2574 382 2641 Nam
397 2574 530 2651 Paulino
545 2574 599 2641 hic
611 2574 856 2645 administrante
871 2572 953 2641 uices
969 2575 1206 2661 prefectorum,

165 2686 358 2761 subornatus
367 2697 417 2751 est
428 2685 559 2772 quidam
573 2684 711 2772 priuatus
723 2685 836 2764 homo,
847 2683 903 2771 qui
918 2683 1052 2752 modum
1065 2684 1205 2753 cursoris

165 2793 312 2873 haberet,
327 2794 383 2881 qui
399 2794 446 2863 ,ed
464 2794 634 2861 catholicae
653 2794 813 2860 unitatem
827 2792 958 2872 veniret,
973 2802 1070 2881 atque
1085 2815 1143 2861 eos
1156 2794 1205 2861 in⁶

163 2902 298 2981 doceam
309 2914 343 2969 et
357 2913 498 2971 terreret.
534 2900 674 2972 Detecta
688 2902 787 2988 igitur
799 2901 900 2968 factio
914 2913 976 2968 cst.
1011 2904 1102 2969 Nam
1115 2925 1206 2991 com:-

163 3011 346 3100 ponebatur
368 3008 467 3081 Felici
489 3010 730 3097 religiosissimo
752 3012 903 3099 episcopo
923 3033 981 3098 per
1001 3012 1205 3081 mendacium

163 3135 203 3197 ut
215 3121 376 3192 rideretur
394 3120 567 3207 scripturas
584 3120 762 3207 prodidisse
778 3133 812 3185 et
825 3121 993 3188 exussisse.
1036 3121 1206 3208 Ingentim

163 3231 308 3320 quidem,
322 3252 399 3301 eum
413 3231 476 3298 hoe
491 3240 611 3309 totum,
627 3229 783 3318 quicquid
798 3230 928 3316 agebat,
944 3230 1072 3298 obesset
1087 3232 1206 3299 sancti·

164 3342 231 3413 tati.
243 3353 277 3411 et
295 3340 446 3428 religioni
466 3340 643 3427 ceciliani,
657 3340 851 3407 subornatus
868 3352 919 3407 est
937 3353 974 3404 ut
993 3341 1115 3408 veniret
1129 3364 1205 3411 cmo

161 3450 276 3519 litteris
293 3450 390 3517 veluti
409 3449 527 3517 Felicis
544 3449 689 3538 episcopi
703 3449 745 3515 ad
760 3449 971 3517 Gaecilianum
987 3451 1207 3535 duumvirum,

119 3559 122 3565 ’
163 3572 198 3638 et
210 3561 241 3631 ei
254 3561 455 3647 confingeret
474 3584 494 3625 a
513 3561 621 3627 Felice.
640 3583 674 3625 se
693 3582 763 3626 esse
778 3558 977 3626 mandatum.
1021 3561 1123 3649 Dicat
1136 3562 1210 3650 ipsa

162 3671 259 3741 uerba
272 3671 390 3760 quibus
404 3671 469 3738 hoc
482 3684 533 3739 cst
545 3672 733 3739 confictum.
758 3670 907 3737 AElianus
922 3671 1097 3757 proconsul
1107 3669 1209 3739 dixits

160 3780 239 3849 Die.
280 3781 485 3867 Apronianus
504 3781 603 3848 dixit:
633 3787 657 3821 “
668 3779 746 3861 Dic,
763 3779 879 3867 inquit,
898 3780 1076 3846 Caeciliano
1096 3781 1208 3849 amica

161 3894 186 3953 l‘
196 3911 272 3965 meo
291 3890 381 3976 quod
398 3891 527 3957 codices
546 3891 657 3977 accepi
672 3890 831 3977 pretiosos
845 3890 978 3958 deificos
993 3913 1048 3957 x1.
1064 3891 1207 3982 quiaque

159 4005 186 4051 -“
196 4020 350 4068 menunc
363 4000 513 4067 convenit
526 4012 565 4065 ut
577 4001 651 4066 illos
665 4000 845 4078 restituam,
862 3999 913 4065 dic
929 3999 1017 4086 qnod
1032 4022 1117 4066 anno
1132 4023 1204 4067 ma·

159 4116 183 4163 ‘l
194 4110 351 4197 gistratus
365 4110 414 4189 tui
428 4132 484 4174 eos
499 4111 667 4190 exusseris,
682 4133 723 4174 ne
737 4109 872 4175 reddam
886 4108 992 4175 illos,'’
1022 4110 1101 4175 Qua
1112 4109 1157 4176 dc
1169 4128 1201 4177 ut

160 4216 310 4304 immede
319 4219 759 4309 Ingentioquaerendumes‘t,
768 4231 927 4307 quatenus
937 4218 1008 4285 haee
1016 4217 1201 4300 machinata
