2684 4740
236 330 303 396 228·
336 325 573 397 Ancusmr
593 331 649 396 sr
666 329 873 398 usurus
891 320 1185 415 orsrurarto.

237 498 314 577 sint,
330 510 483 586 tanquam
499 501 602 588 major
619 501 688 588 ipse
702 502 744 567 sit
757 523 871 566 eorum
881 525 892 581 ;
915 500 1020 566 omnis
1042 500 1141 582 enim,
1160 499 1219 589 qui
1238 499 1281 565 de

238 605 347 691 aliquo
363 607 494 692 exponit
508 608 676 693 quomodo
697 609 801 674 factus
822 609 874 688 sit,
895 609 1052 698 majorem
1073 622 1119 688 se,
1140 620 1175 674 et
1195 607 1282 671 anti·

239 715 387 800 quiorem
403 717 544 781 ostendit
559 739 642 797 esse,
658 741 755 805 quam
770 730 820 783 est
833 717 899 798 ille,
913 719 954 783 de
969 741 1036 806 quo
1054 718 1145 784 dicit.
1194 716 1281 783 Quis

239 835 345 887 autern
371 836 404 886 et
424 824 464 887 de
479 825 657 890 substantia
670 825 733 889 Dei
748 825 853 891 dicere
867 827 995 908 audeat,
1017 827 1078 892 nisi
1091 826 1177 891 forte
1191 825 1283 890 solus

239 930 401 996 Dominus
423 944 532 996 noster
551 935 645 998 Jcsus
667 932 837 998 Christus?
877 937 961 1022 Quae
977 935 1106 1022 quidem
1129 955 1195 1020 ego
1214 946 1283 998 'nou

239 1063 279 1107 ex
298 1044 377 1107 meis
401 1046 503 1109 verbis
526 1057 635 1111 astruo
646 1070 656 1125 3
679 1046 734 1110 sed
758 1046 946 1133 Scripturae,
964 1070 1039 1134 quae
1058 1068 1117 1111 nos
1135 1044 1283 1124 edocuit,

239 1153 429 1217 auctoritate
445 1154 621 1234 confirm03
644 1156 797 1241 quoniam
814 1155 945 1242 quidem
960 1166 994 1220 et
1004 1145 1188 1242 Apostolus
1202 1153 1284 1218 dicit

240 1261 281 1324 ad
295 1283 365 1340 nos,
377 1262 442 1324 ⁴Ut
456 1261 525 1325 sitis
540 1262 618 1326 sicut
632 1262 801 1327 luminario
815 1263 848 1326 in
864 1263 918 1328 hoc
930 1263 1054 1342 mundo,
1066 1261 1193 1327 vertum
1204 1261 1284 1326 vitae

241 1372 428 1433 continentes
443 1371 484 1434 ud
496 1369 633 1457 glorium
645 1394 746 1435 meum
761 1371 889 1435 indicna
907 1371 1036 1450 Christi,
1053 1369 1203 1457 quoniam
1220 1390 1284 1434 non

240 1478 273 1542 in
302 1501 431 1542 uantum
461 1480 592 1558 moirti,
616 1502 671 1542 nec
692 1479 725 1542 in
747 1499 877 1542 contum
900 1478 1048 1543 laborovi.
1093 1478 1284 1563 Intelligere

240 1587 395 1651 debemus
418 1611 490 1674 quae
513 1589 555 1652 sit
577 1588 633 1667 vis,
655 1599 688 1651 et
710 1588 792 1652 ratio
817 1590 974 1653 sermonis
1002 1578 1122 1676 hujus3
1144 1588 1284 1653 verbum

240 1698 325 1761 enim
357 1698 460 1763 Ducis
490 1697 614 1761 obtinet
644 1697 766 1776 locum,
790 1711 909 1784 sopera
933 1720 1007 1762 vero
1033 1697 1144 1784 Regis.
1190 1696 1286 1760 Sicut

240 1827 320 1892 ergo
342 1806 456 1893 aliquis
480 1807 562 1892 Regi
588 1828 647 1871 suo
672 1804 867 1885 adventanti,
894 1828 1017 1885 omnes,
1042 1805 1098 1892 qui
1119 1805 1185 1869 sub
1204 1818 1285 1870 cura

241 1936 299 1979 sua
314 1929 399 1994 suut,
416 1916 526 1980 studet
541 1916 739 2015 obedientes,
753 1922 893 2001 paratos,
907 1928 940 1979 et
955 1915 1082 1994 charos,
1096 1913 1284 2001 hilaresque

241 2023 420 2101 ostendere,
436 2046 471 2088 ac
486 2023 631 2102 devotos,
647 2023 703 2086 sed
718 2011 814 2086 etiam
832 2022 1029 2126 innocentes,
1045 2023 1193 2088 achonis
1207 2044 1284 2088 om·

241 2133 336 2198 nibus
351 2131 516 2197 abundant
504 2144 564 2210 tes,
579 2144 616 2196 ut
630 2132 699 2216 ipse
714 2130 842 2196 laudem
863 2142 1081 2218 consequatur
1095 2155 1117 2197 a·
1130 2133 1236 2238 Rege,
1250 2144 1285 2197 et

242 2243 366 2330 majore
382 2241 423 2305 ab
438 2263 477 2305 eo
492 2241 614 2306 honore
626 2240 744 2345 dignus
756 2242 925 2322 habeatur,
942 2254 1096 2330 tanquam
1110 2243 1228 2308 bene
1215 2264 1284 2329 gu·

239 2353 385 2430 bernata,
404 2374 476 2439 quae
492 2351 552 2414 sibi
566 2361 614 2414 est
628 2351 811 2430 commissa,
826 2351 1006 2436 provincia.
1031 2353 1083 2415 Ita
1103 2361 1137 2415 et
1158 2351 1291 2416 Beatus-

243 2460 361 2526 Paulus
374 2441 452 2523 dicit
465 2460 505 2523 ad
522 2458 591 2538 nos,
604 2459 665 2521 ⁵Ut
681 2459 751 2522 sitis
761 2447 846 2523 velut
859 2457 1028 2523 luminario
1038 2459 1072 2522 in
1085 2456 1281 2538 hosmundo,

241 2571 365 2637 volum
387 2569 464 2634 vitre
484 2569 670 2633 continentes
687 2567 875 2654 adglorians
891 2567 988 2653 ipsius
1004 2566 1133 2631 indicna
1151 2563 1281 2631 Christi.

242 2681 373 2746 Scilicet
386 2677 474 2766 quod
488 2676 650 2742 Dominus
666 2690 775 2742 noster
788 2679 882 2742 Jesus
900 2670 1048 2742 Christus
1069 2675 1211 2754 veniens,
1234 2676 1282 2740 vi·

243 2787 318 2851 deat
328 2787 499 2871 profecisse
511 2772 691 2850 doctrinam
707 2785 777 2870 ejus
791 2776 823 2849 in
839 2783 931 2848 nobis
936 2807 945 2863 3
963 2796 997 2848 et
1011 2783 1088 2870 quia
1101 2781 1212 2846 nonin
1228 2803 1281 2846 ra·

243 2916 342 2958 cuum
358 2893 510 2972 cucurrit,
525 2895 630 2957 necin
645 2915 777 2958 vacuum
793 2893 958 2971 laboravit,
972 2891 1129 2957 retribuat
1143 2889 1173 2955 ei
1188 2885 1283 2956 debi-

243 3015 310 3068 tam
325 2986 489 3065 coronam.
533 3004 575 3064 Et
590 3024 698 3066 rursus
713 3025 844 3089 quoque
858 3003 890 3065 in
906 3001 1019 3066 eadem
1034 2999 1173 3086 epistola
1186 3020 1282 3064 com·

242 3121 355 3176 monet
379 3132 450 3189 nos,
476 3109 540 3172 ⁶ne
569 3121 692 3175 terrena
721 3111 895 3197 sapiamus,
920 3111 976 3174 sed
1005 3111 1282 3175 conversationem

243 3232 384 3285 nostram
401 3219 517 3283 debere
533 3240 602 3282 esse
617 3219 649 3283 in
664 3219 771 3298 caelis3
794 3218 880 3283 unde
900 3231 933 3283 et
954 3221 1145 3284 salvatorem
1164 3239 1284 3306 expec-

243 3339 350 3394 tamus
365 3328 545 3392 Dominum
562 3340 708 3392 nostrum
723 3330 835 3392 Jesum
852 3323 1033 3393 Christum.
1069 3331 1112 3391 Et
1127 3323 1284 3414 quoniam

243 3440 337 3504 nobis
359 3450 492 3502 nonest
513 3449 620 3502 tutum
644 3437 724 3500 scire
749 3436 898 3500 ultimam
924 3436 1023 3516 diem,
1046 3437 1230 3523 designavit
1252 3438 1284 3502 in

244 3548 392 3633 epistola,
412 3569 509 3632 quarn
532 3544 642 3610 scribit
661 3546 703 3609 ad
717 3545 1031 3626 Thessalonicenses,
1047 3547 1123 3610 ⁷De
1138 3548 1287 3632 tempori·

246 3655 429 3734 durantem,
446 3654 661 3734 etmornentis,
679 3655 816 3734 ,Fratres
838 3677 899 3718 non
919 3654 1036 3720 habetis
1060 3670 1146 3740 spuo,
1169 3666 1208 3720 ut
1224 3655 1286 3721 ati-

280 3879 289 3904 ·
304 3869 354 3917 Cur
369 3868 422 3938 haec
436 3881 494 3914 curn
505 3868 694 3929 praecedentibus
705 3884 755 3915 non
768 3868 914 3928 cohaereant,
926 3870 987 3918 Vide
997 3869 1166 3932 praesationem
1176 3879 1287 3920 nostram

246 3952 273 3999 in
284 3947 410 3997 Archelao.
420 3948 453 4010 (p.
463 3945 526 4007 lae.)
556 3938 645 3996 Sensus
656 3959 739 3996 autern
751 3964 801 3997 esse
812 3950 916 4009 videtur,
927 3951 1003 3998 solius
1014 3951 1095 4011 Regis,
1104 3950 1216 4013 perlecti,
1223 3952 1288 4015 vide-

247 4034 313 4090 licet,
325 4031 400 4085 illius,
408 4030 449 4089 qui
462 4038 611 4090 expectatur,
621 4045 683 4093 opus
695 4045 755 4087 esse,
764 4032 897 4078 homiuum
909 4025 1080 4093 ignorantiam,
1093 4041 1122 4079 ut
1132 4041 1209 4081 autea
1218 4028 1289 4092 dixit,

247 4117 342 4180 penitus
353 4115 482 4169 destruere,
494 4113 559 4173 quod
570 4128 620 4160 non
632 4114 772 4174 praestiterat
782 4113 878 4161 Manes.
902 4114 1002 4176 (Adagio
1013 4112 1094 4183 simile
1104 4114 1171 4163 istud
1181 4114 1240 4178 est.)

337 4227 511 4277 4Phil.ii.15.
577 4227 662 4278 ⁵Ibid.
726 4224 910 4280 ⁶1bid.iit.19.
975 4229 1110 4277 arrhas.
1121 4243 1148 4279 v.
1160 4240 1185 4290 1,
1198 4240 1225 4281 a.
