2684 4740
235 314 551 386 incarnatur
568 315 775 385 usurus
795 315 1085 384 nrsrurnrro.
1122 330 1185 404 259

147 484 217 569 pio,
231 494 271 550 ut
282 498 460 571 agnoscant
475 486 622 567 universi,
636 488 770 553 assertio
784 499 842 552 tua
855 499 1011 574 quantum
1032 487 1180 573 impieta-

145 592 358 657 tisobtineat.
402 594 437 658 Si
452 594 551 673 enim,
566 594 741 661 seeundum
758 610 795 660 tu
816 595 907 675 dicis,
924 605 996 661 non'
1009 608 1059 659 est
1076 607 1180 673 natus,
1248 630 1257 639 «
1306 600 1322 625 “

146 698 216 766 sine
228 700 330 766 dubio
344 721 404 767 nec
426 724 537 788 passus
557 716 625 783 est;
648 704 715 789 pati
734 704 820 769 enim
840 704 897 790 qui
920 717 1012 768 natus
1033 724 1099 767 non
1119 714 1180 780 est,

145 806 346 894 impossibile
359 823 418 875 est.
455 811 556 898 Quod
575 812 602 875 si
622 834 686 876 non
707 824 756 877 est
777 834 901 898 passus,
925 811 1040 876 Crucis
1062 813 1182 874 nomen

147 917 300 983 aufertur.
345 917 452 983 Cruce
466 933 574 983 autem
590 942 654 985 non
669 907 828 1007 suscepta,
843 943 902 985 neo
920 923 940 985 J
942 943 1014 985 esus
1034 917 1074 983 ex
1093 941 1183 984 mor·

147 1027 410 1095 tuisresurrexit.
455 1029 555 1116 Quod
569 1030 596 1094 si
609 1031 630 1094 J
631 1053 703 1094 esus
717 1053 758 1094 cx
771 1030 907 1095 mortuis
922 1051 986 1093 non
1002 1029 1181 1106 resurrexit,

125 1187 128 1190 >
149 1152 207 1201 nec
222 1137 337 1223 aliquis
352 1136 434 1202 alius
449 1150 608 1223 resurget.
652 1137 753 1226 Quod
769 1138 795 1201 si
817 1137 923 1202 nullus
944 1149 1100 1222 resurget,
1122 1157 1183 1202 nec

144 1241 304 1328 judicium
320 1242 391 1309 erit.
436 1242 570 1307 Certum
587 1258 636 1308 est
656 1244 753 1323 enim,
773 1244 850 1330 quia
871 1245 982 1307 sinon
1004 1265 1183 1329 resurgam,

148 1353 352 1442 necjudicer.
397 1352 538 1440 Quodsi
554 1376 619 1417 non
634 1353 797 1440 judicium
818 1354 890 1432 erit,
911 1353 1028 1417 frustra
1043 1353 1105 1417 erit
1119 1353 1182 1418 ob-

148 1465 284 1530 servatio
307 1464 532 1529 mandatorum
553 1464 631 1543 Dei,
653 1464 760 1528 nullus
782 1462 982 1528 abstinentiae
1004 1447 1182 1542 locus'est,

149 1572 389 1637 ‘mandamus
403 1582 433 1635 et
450 1570 598 1651 bibamus,
613 1593 682 1636 cros
702 1571 784 1635 enim
801 1570 977 1635 moriemur.
1020 1572 1104 1634 Haec
1124 1592 1183 1636 ou·

146 1692 214 1746 tem
234 1681 345 1745 omnia
361 1681 537 1760 connectis,
552 1695 569 1727 ¹¹
581 1703 702 1767 negans
718 1681 807 1768 quod
821 1679 862 1744 de
877 1681 984 1744 Maria
1002 1691 1095 1744 natus
1115 1690 1182 1758 est;

146 1792 275 1856 sienim
292 1793 457 1856 confessus
473 1792 570 1856 fueris
590 1813 665 1857 eum
686 1791 727 1856 de
747 1791 854 1854 Maria
876 1801 1000 1869 natum,
1023 1801 1056 1854 et
1078 1788 1186 1875 passio

145 1903 361 1989 subsequatur
379 1922 507 1965 necesse
522 1913 582 1977 est,
602 1913 636 1964 et
655 1899 835 1986 passionem
857 1895 1058 1975 resurrectio,
1080 1908 1113 1961 et
1132 1917 1185 1962 re·

143 2008 378 2073 surrectionem
399 2007 574 2097 ⁴fficium,
600 2017 633 2070 et
659 2006 744 2071 salva
772 2006 864 2071 nobis
891 2016 986 2070 erunt
1009 2005 1184 2092 Scriptura

143 2129 316 2202 praeoepta.
363 2116 442 2179 Non
462 2136 541 2200 ergo
552 2115 624 2201 jam
639 2136 719 2178 vana
732 2114 949 2201 estquaestio,
970 2111 1026 2179 sed
1046 2113 1186 2199 plurima

143 2226 181 2290 in
209 2225 273 2290 boc
299 2227 406 2291 verbo.
451 2226 542 2290 Siout
567 2225 653 2289 enim
681 2223 785 2291 omnis
800 2224 875 2304 lex,
896 2236 929 2289 et
953 2222 1131 2310 prophetia
1152 2222 1185 2287 in

144 2334 278 2400 duobus
292 2335 493 2400 sermonibus
509 2345 667 2413 constant,
682 2334 727 2399 ita
741 2335 839 2398 etiam
855 2343 963 2397 nostra
985 2332 1091 2397 omnis
1112 2352 1186 2418 spes

142 2442 181 2507 in
204 2443 315 2508 Beatae
340 2443 576 2528 Mariaevpartu
601 2463 756 2528 suspensa
778 2454 847 2521 est;
874 2454 908 2507 et
928 2431 1002 2505 ideo
1026 2439 1185 2526 responde

144 2550 230 2616 mibi
243 2550 284 2615 ad
298 2552 525 2638 singula,·quae
539 2563 572 2615 te
586 2552 806 2637 interrogabo.
852 2550 1031 2617 Quomodo
1051 2548 1185 2637 abjicie-

146 2679 224 2726 mus
243 2670 348 2724 tantas
372 2671 406 2726 et
430 2661 510 2725 tales
531 2659 686 2745 Apostoli
708 2681 814 2738 voces,
838 2682 912 2746 quae
935 2658 1059 2735 dicunt,
1078 2671 1094 2703 ⁰
1107 2657 1186 2720 (ham

147 2777 255 2832 auum
264 2766 417 2852 fuitDer'
439 2767 584 2832 voluntas
598 2766 741 2844 innubis,
761 2767 846 2832 misit
868 2766 985 2830 atrium
1002 2787 1092 2830 suum
1102 2766 1183 2851 soc-

147 2885 217 2940 tem
232 2897 272 2939 err
285 2875 458 2940 muliere⁶l
493 2878 537 2940 Et
549 2875 679 2953 iterum,
696 2875 838 2940 ⁷Purclro
852 2886 991 2939 nostrum
1008 2872 1187 2940 immolatus

141 2994 192 3050 est
209 2983 359 3048 Christus.
395 2987 439 3050 Et
453 2985 540 3072 quia,
553 2984 665 3063 ⁸Denr,
676 2995 707 3074 et
720 2984 892 3049 Dominum
903 2982 1076 3062 suscitavit,
1087 2993 1118 3046 ot
1130 2996 1186 3046 nos

149 3105 244 3156 rcum
259 3091 316 3156 illo
330 3092 490 3158 suscitabit
501 3107 560 3178 per
572 3093 722 3158 virtutem
741 3115 840 3157 suom.
870 3155 872 3159 ,
884 3094 928 3157 Et
941 3091 1004 3155 alia
1017 3091 1122 3156 multa
1134 3091 1186 3155 his

149 3200 266 3265 similia
278 3200 365 3265 dicta
379 3214 464 3280 suut,
480 3214 517 3264 ut
531 3214 581 3264 est
594 3199 687 3278 illud,
698 3204 712 3240 ⁹
723 3198 878 3285 Quomodo
890 3198 997 3262 dicunt
1009 3196 1139 3283 quidum
1152 3196 1186 3258 in

149 3307 269 3388 scobis,
283 3309 359 3396 quio
373 3309 553 3374 resurrectio
568 3319 756 3372 mortuorum
772 3290 930 3370 nonest?
953 3321 955 3325 ·
974 3304 1010 3366 Sr'
1029 3302 1113 3366 enirn
1133 3323 1184 3367 re·

178 3517 194 3547 n
209 3502 248 3573 ltu
258 3489 391 3566 legendum
402 3505 498 3564 censui,
506 3504 562 3553 licet
573 3504 599 3552 in
608 3504 692 3553 codice
703 3501 828 3551 Casiuensi
838 3500 965 3559 scribatur,
976 3497 1061 3562 negaris
1072 3497 1097 3546 id
1105 3496 1171 3564 quod.

177 3583 310 3645 orurgau
326 3585 399 3632 sartio
414 3599 493 3646 grass
504 3585 580 3633 textui
592 3599 700 3633 consona
709 3583 777 3645 regn,
789 3583 823 3630 Ar
837 3583 875 3630 uu·
886 3581 951 3629 vens
957 3578 1072 3642 prmum
1083 3566 1186 3642 tempori?

150 3664 254 3724 uroque
265 3662 397 3712 lectionem
408 3664 509 3725 probant
520 3666 636 3720 lrenaeus,
645 3661 824 3721 Tertullianus,
834 3662 979 3724 Cyprianus,
990 3659 1074 3708 etalii.

182 3747 196 3786 P
212 3744 301 3802 Verba,
313 3760 362 3790 cum
372 3742 421 3801 illo,
433 3759 482 3791 non
494 3744 585 3791 habent
595 3757 682 3804 graeca,
698 3757 778 3804 neque
793 3741 908 3803 Vulgata,
919 3754 1004 3803 neque
1021 3741 1127 3789 lrenaeos
1143 3738 1186 3788 liba

152 3835 174 3873 s.
184 3825 298 3873 adversus
308 3824 368 3872 haer.
379 3837 432 3887 cap.
445 3830 469 3873 6.
479 3834 503 3871 et
514 3834 538 3879 7.
548 3838 627 3886 neque
634 3823 799 3874 Tertullianus
810 3823 872 3871 libro
881 3834 905 3872 s.
912 3823 1025 3870 adversus
1034 3819 1187 3869 Marcionem

150 3904 226 3968 eapite
237 3913 261 3960 1.
272 3919 353 3966 aeque
364 3906 390 3952 in
400 3905 462 3952 libro
473 3905 502 3952 de
511 3904 628 3952 Pudicitia
638 3905 716 3966 capite
728 3911 768 3952 16.

181 3988 194 4028 i
210 3985 241 4032 ln
251 3985 335 4033 codice
344 3984 468 4032 Casineusi
480 3992 525 4042 est,
537 3983 561 4030 in
572 3983 640 4043 nobis,
652 3993 676 4031 et
686 3984 758 4042 inira,
767 3997 831 4030 vana
842 3991 874 4030 err
880 3979 942 4044 fida
957 3991 1040 4030 nostra.
1067 3981 1114 4028 Sed
1124 3978 1185 4026 Vui-

150 4111 362 4162 srcmms.
459 4111 619 4163 matres.
729 4091 903 4168 neom.
1009 4103 1186 4157 ⁸1bid.vi.1⁴.

150 4189 164 4225 ⁹
175 4187 235 4238 ibid
247 4204 288 4238 xv.
303 4201 406 4252 rs-so,

649 4289 773 4338 82'
