2684 4740
188 233 191 240 ⁵
251 289 508 382 ‘munstar
528 293 587 360 ur
606 289 817 360 Mlnnrrs
837 289 1142 359 nrsrurnrms
1157 308 1218 383 sta

157 465 272 552 'grtias
287 466 441 546 ciritates,
457 466 497 532 ab
519 466 671 532 omnibus
692 464 879 532 hominibus
900 463 1099 533 execrationi
1118 464 1218 532 habe·

173 577 305 656 bantur,
334 577 473 642 maxime
499 575 589 664 'apud
619 587 702 663 quos'
730 574 987 642 Christianorum
1016 597 1135 642 nomen
1160 598 1215 643 ve·

172 686 334 753 demoni
360 699 440 752 erat.
462 687 625 774 'Sumpto
660 707 752 772 ergo¹
772 685 974 772 aliquantulo
1005 686 1076 751 auri
1104 685 1217 765 modo,

169 795 347 861 uubicrunt
365 795 435 860 ¹ad
456 794 539 875 loca,
562 794 732 882 inquibus
755 795 1013 861 Christianorum
1039 795 1113 860 libri
1136 817 1216 860 con·
1260 816 1263 824 ·

167 904 412 985 scribebantur,
425 917 459 969 et
480 903 669 973 simulantes
691 926 726 969 se
750 904 880 973 nuntios
906 925 976 968 esse
999 902 1215 986 Christianos,

158 1015 332 1103 rogabant
351 1014 495 1101 praestari
511 1015 572 1080 sibi
586 1014 687 1080 libros
706 1015 748 1080 ad
762 1013 1038 1101 comparandum
1061 1027 1106 1093 et,
1121 1028 1214 1082 utne

155 1124 274 1191 -multa
299 1123 418 1204 dicam,
442 1136 632 1212 comparant
656 1125 820 1191 universos
845 1123 945 1190 libros
973 1124 1211 1212 scripturarum

153 1249 361 1316 nostrarum,
385 1246 419 1300 et
442 1235 592 1302 deferunt
612 1236 654 1301 ad
679 1257 754 1302 eum
779 1235 812 1300 in
833 1254 962 1301 carcere
983 1235 1210 1316 coustitutum,

153 1345 285 1434 quibus
296 1345 519 1432 illesacce'ptis,
533 1344 635 1411 homo
650 1360 777 1412 astutus
789 1344 890 1433 eoepit
910 1343 969 1410 rin
985 1345 1103 1410 nostris
1118 1344 1210 1412 libris

164 1455 351 1522 occasiones
365 1456 526 1543 inquirere
539 1456 800 1537 douiatissuae,
822 1477 881 1521 nec
898 1466 970 1521 'suae
989 1454 1132 1542 quidem,
1152 1453 1211 1519 sed

119 1563 128 1571 ’
162 1565 344 1653 Saymisni,
357 1565 415 1655 qui
429 1564 493 1632 hoc
507 1578 583 1632 ante
597 1565 773 1654 plurimum
786 1564 940 1651 temporis
952 1563 1152 1651 protulerat3
1174 1576 1210 1629 et

159 1670 337 1745 in'nos'tris
362 1675 464 1755 libris,
486 1675 571 1744 siem
596 1675 695 1742 etiam
715 1674 866 1740 aduersus
892 1695 946 1739 me
966 1672 1134 1759 disputans
1159 1673 1207 1738 fe-

151 1783 218 1875 -cit,
233 1785 443 1853 assertioum
457 1807 553 1852 suam·
564 1785 718 1873 proferre,
739 1783 888 1872 quadam
910 1782 944 1848 in
965 1782 1015 1848 his
1038 1803 1207 1864 accusans,

150 1892 313 1982 -quaedum
328 1906 529 1980 permutans,
546 1894 617 1960 solo
639 1893 763 1960 Christi
786 1892 918 1960 nomine
937 1891 1066 1982 adjecto
1072 1917 1086 1973 3>
1106 1914 1206 1981 quem

157 2025 196 2069 se
215 2004 340 2075 idcirco
364 2005 526 2091 suscipere
549 2001 721 2084 simulavit,
744 2017 783 2070 ut
806 2026 864 2091 per
890 2003 1035 2069 civitates
1061 2003 1206 2091 singulas

157 2124 308 2179 sanctum
333 2125 367 2178 et
390 2111 532 2180 divinum
562 2135 682 2187 nomen
708 2112 876 2180 audientes
905 2112 1041 2193 Christi,
1071 2113 1205 2181 minime

157 2236 343 2289 execrantes
368 2235 438 2303 eos,
461 2224 666 2312 zdiscipulos
691 2223 784 2290 istius
807 2246 874 2290 non
899 2222 1084 2310 fatigarent.
1108 2224 1203 2288 Inve-

155 2335 247 2402 niens
261 2344 373 2403 autem
391 2337 624 2403 vocem'etiam
646 2336 688 2402 de
710 2336 866 2402 Paraclito
884 2335 1024 2422 positam
1043 2334 1076 2400 in
1093 2334 1205 2423 Scrip-

153 2445 470 2534 turis,'seme'tipsum
485 2469 556 2513 esse
571 2446 723 2534 subjecit,
735 2445 792 2534 qui
803 2468 869 2512 non
879 2445 1004 2533 legerat
1018 2445 1205 2533 diligenter,

151 2555 231 2644 quis
248 2556 425 2622 Paraclitus
444 2556 516 2644 jam
540 2570 618 2623 tunc
642 2555 791 2636 venisset,
818 2577 897 2622 cum
916 2555 1072 2643 Apostoli
1094 2556 1203 2628 adhuc

152 2679 262 2732 essent
280 2689 376 2752 super
391 2680 522 2731 terram.
567 2665 631 2731 His
645 2686 726 2752 ergo
741 2675 808 2730 tarn
823 2665 979 2730 scelerate
998 2666 1201 2754 compositis,
1231 2675 1233 2679 ’

152 2775 255 2842 mittit
265 2789 299 2841 et
310 2776 487 2863 discipulos
499 2799 574 2868 suos
584 2775 815 2865 predicaturus
826 2776 984 2864 intrepide
995 2778 1087 2844 fictos
1099 2776 1200 2844 simu·

151 2885 300 2974 latosque
310 2895 447 2969 eriores,
460 2901 494 2954 et
505 2910 603 2953 novas
615 2888 776 2975 falsasque
784 2907 878 2954 voces
887 2888 1134 2956 annuntiaturos
1142 2901 1202 2975 per
1312 2971 1314 2975 ι

152 2995 226 3063 loca
241 2996 381 3083 singula.
413 2996 514 3086 Quod
528 3019 605 3064 cum
619 3000 687 3063 Rex
703 2999 871 3064 Persarum
892 2983 1110 3086 cognovisset,
1124 2996 1201 3086 dig·

151 3104 199 3171 nis
213 3127 290 3172 eum
302 3106 471 3197 suppliciis
485 3105 624 3172 subdere
635 3118 737 3195 parat.
773 3109 851 3197 Quo
864 3109 984 3174 Manes
997 3109 1122 3199 agnito,
1138 3107 1198 3175 ad·

150 3215 295 3280 monitus
306 3215 338 3279 in
352 3216 486 3296 somnis,
499 3215 627 3303 elapsus
639 3216 680 3282 de
691 3237 831 3306 carcere,
841 3217 874 3281 in
887 3217 998 3304 fugam
1013 3239 1121 3306 versus
1136 3228 1198 3298 est,

148 3344 229 3390 auro
243 3324 385 3411 plurimo
405 3325 596 3391 custodibus
614 3325 786 3414 corruptis,
808 3337 842 3391 et
863 3324 984 3390 mansit
1005 3325 1039 3390 in
1061 3325 1196 3392 castello

178 3509 269 3582 ”good
281 3511 337 3558 Vat.
347 3510 452 3558 abierant
461 3511 494 3558 ad
503 3510 547 3557 illa
558 3510 613 3560 loca.
647 3511 720 3568 Mox,
730 3507 858 3558 nmisios
869 3526 913 3557 esse
926 3507 1073 3570 Christianos,
1085 3525 1129 3576 pro
1139 3527 1196 3560 nun·

147 3590 196 3640 tiss.
230 3591 307 3641 Paulo
318 3602 382 3655 post,
393 3603 415 3638 er
425 3609 453 3639 se
463 3592 535 3641 multa
545 3593 628 3654 dicam,
639 3603 662 3640 et
673 3592 772 3656 rqfensm
782 3591 814 3639 ad
823 3608 881 3641 suns.

177 3674 192 3702 ¹
208 3671 321 3720 viderur
331 3670 412 3722 arcani
422 3673 577 3735 disciplinam
588 3674 615 3721 in
625 3672 776 3721 occultandis
786 3671 844 3720 fidei
859 3670 980 3734 mysteriis
996 3671 1057 3722 olim
1073 3674 1195 3724 custodie-

144 3752 193 3800 rint
208 3753 350 3812 Christisni,
367 3764 392 3801 et
407 3763 499 3817 quanto
515 3754 652 3802 curaverint
666 3754 757 3812 studio,
777 3767 810 3801 ne
828 3761 987 3802 sacrosancta
1004 3753 1073 3816 Legis
1090 3753 1145 3802 libri
1162 3755 1194 3803 ad

146 3833 285 3882 Gentilium
302 3849 392 3882 manns
403 3836 563 3897 pervenirent,
575 3837 651 3884 etism
662 3843 795 3897 antequam
807 3833 954 3882 Dlocletiaui
965 3837 1101 3896 persecutio
1109 3844 1194 3885 exorta

143 3925 215 3974 suet,
226 3930 256 3964 ac
267 3917 401 3965 traditionis
412 3916 551 3978 periculum
563 3918 713 3965 immineret.
745 3915 861 3964 Preteres
871 3915 932 3963 hinc
947 3927 1056 3978 apparet,
1073 3931 1125 3966 non
1138 3916 1193 3966 ubi-

144 4012 203 4060 que,
215 3999 258 4045 sed
270 4000 341 4046 certis
350 3999 498 4060 quibusdam
509 3999 535 4046 in
546 3998 606 4046 locis
617 3997 814 4047 Christianorum
824 3995 897 4045 libros
908 3998 981 4046 rendi
991 3998 1155 4047 consuevisse.
1242 3997 1245 4001 '

173 4080 188 4118 7
205 4076 267 4125 eod.
275 4078 332 4126 Vat.
342 4086 364 4125 et
375 4094 404 4124 ess
413 4077 493 4125 nostris
504 4076 576 4125 libris.

174 4160 190 4188 ²
205 4157 237 4205 ln
247 4159 336 4207 eodem
347 4159 402 4208 cod.
413 4159 469 4208 Vat.
480 4157 596 4222 discipulos
606 4157 671 4206 istius
680 4157 846 4223 nosssgarsst.
874 4156 994 4207 laconicus
1003 4167 1078 4206 autem
1088 4157 1156 4207 stiam
1167 4157 1195 4206 de

142 4237 366 4303 Paraliroposirsss
376 4239 543 4305 inscripseris.
575 4241 648 4300 Mox,
660 4239 733 4288 asinis
742 4238 858 4305 discipulas
867 4245 926 4301 suos,
935 4241 988 4290 sine
1000 4239 1119 4304 particula
1129 4251 1159 4291 er.
1188 4234 1191 4240 ’
1203 4239 1205 4242 ’

187 4346 279 4400 VOls·
296 4347 352 4396 tv.
694 4348 716 4391 'l'
