2684 4740
227 315 290 399 276
318 308 566 381 ,ARGHELAI
585 307 642 380 tr
659 313 868 382 MANBTIS
885 309 1180 380 DISPUTATIO.

225 481 325 569 longe
338 496 413 570 post
428 496 612 549 nostrorum
628 484 865 574 Apostolorum
888 498 1049 572 tempora,
1067 479 1125 569 qui
1146 493 1180 546 et
1203 479 1273 567 ipse

227 615 305 661 eum
335 607 420 658 esset
446 607 604 675 versutus,
630 611 665 660 et
688 595 831 675 vidisset,
853 593 942 682 quod
964 615 1005 658 eo
1032 610 1179 678 tempore
1199 590 1271 678 jam

228 713 336 769 essent
350 702 461 768 omnia
475 717 714 791 praeoccupata,
737 703 925 769 dualitatem
949 703 1045 768 istam
1067 701 1170 767 voluit
1187 701 1276 766 affir-

227 834 326 891 mare,
343 835 416 900 quae
429 812 525 878 etiam
547 813 635 900 apud
660 812 872 901 Scythianum
895 825 975 877 erat.
1019 810 1172 897 Denique
1194 831 1274 876 eum

228 922 308 988 nihil
331 922 475 1002 haberet,
491 922 581 1010 quod
603 935 756 988 assereret
778 921 959 1009 proprium,
980 919 1069 986 ¹aliis
1086 919 1183 986 dictis
1196 940 1276 1007 pro·

230 1032 339 1120 posuit
350 1031 546 1098 adversariis.
590 1033 633 1097 Et
647 1054 760 1097 omnes
774 1031 845 1119 ejus
864 1029 939 1096 libri
958 1028 1100 1095 difficilia
1122 1028 1274 1116 quaedam

220 1155 263 1209 -et
275 1141 448 1228 asperrima
462 1141 639 1207 continent.
671 1142 769 1207 Extat
784 1155 893 1205 tamen
907 1138 1019 1205 tertius
1034 1138 1181 1205 decimus
1193 1136 1275 1204 liber

219 1261 423 1319 tractatuum
443 1247 526 1337 ejus,
549 1247 643 1336 cujus
663 1247 872 1313 initium'tale
885 1258 947 1328 est,
966 1248 1106 1313 Tertium
1119 1247 1273 1317 mamam

228 1360 317 1425 nobis
341 1368 533 1425 tractatuum
556 1357 758 1423 scribentibus
784 1357 910 1438 librum,
934 1357 1139 1424 necessarium
1160 1378 1274 1427 sermo·

229 1493 300 1536 uem
317 1468 498 1557 uberemque
518 1467 668 1534 salutaris
689 1492 786 1534 sermo
804 1467 988 1555 praestaoit.
1033 1470 1093 1535 Per
1106 1468 1274 1557 parvulam

221 1581 336 1647 divitis
350 1594 383 1647 et
400 1580 551 1668 pauperis
569 1593 730 1659 naturam,
750 1580 819 1645 sine
833 1579 940 1650 radice
955 1591 989 1645 et
1005 1579 1073 1644 sine
1087 1580 1162 1645 loco
1176 1579 1273 1646 rebus

229 1692 516 1783 supervenientem,
540 1690 627 1757 unde
650 1690 856 1778 pullulaverit
880 1690 1013 1756 indicat.
1057 1691 1135 1755 Hoc
1158 1703 1270 1757 autem

229 1802 334 1867 solum
351 1812 449 1887 caput
461 1801 543 1866 lib'er
557 1799 725 1866 continet?
750 1800 872 1867 Nonne
885 1799 1029 1866 continet
1044 1799 1192 1867 stolium
1205 1823 1272 1867 ser-

220 1931 372 1993 monem,
386 1923 421 1976 et
433 1908 518 1974 sicut
531 1909 654 1996 opinati
669 1921 745 1976 sunt
758 1908 903 1996 quidam,
919 1931 1026 1975 nonne
1040 1930 1154 1975 omnes
1170 1910 1273 1974 offen-

228 2018 351 2097 demini
371 2019 443 2106 ipso
467 2017 561 2099 libro,
577 2017 672 2107 eujus
693 2018 821 2084 initium
843 2032 912 2085 erat
932 2017 1016 2088 hoc?
1051 2019 1182 2091 Sedad
1203 2041 1271 2086 rem

229 2130 369 2210 rediens,
394 2127 551 2194 Basilides
572 2129 747 2217 interjectis
771 2128 847 2216 plus
872 2129 980 2194 minus
1005 2129 1054 2194 vel
1086 2128 1272 2217 quingentis

219 2239 371 2328 ¹,uersibus
385 2238 442 2320 ait,
457 2230 575 2304 Desine
589 2237 627 2304 ab
642 2238 742 2319 inani,
756 2248 788 2305 et
801 2237 927 2315 curioso¹
942 2237 1106 2317 uarietate,
1128 2237 1272 2326 requiru-

227 2370 297 2416 mus
313 2361 416 2423 autem
430 2349 544 2438 magis,
559 2371 632 2437 quce
645 2349 683 2414 de
698 2347 783 2414 bonis
796 2359 827 2412 et
842 2346 937 2412 mobis
954 2347 1050 2413 etium
1073 2346 1200 2413 barbari
1222 2347 1270 2412 in-

228 2460 415 2548 quisierunt,
431 2471 461 2524 et
477 2460 511 2524 in
525 2481 604 2547 quas
618 2458 774 2545 opiniones
787 2459 825 2523 de
840 2457 889 2523 bis
902 2457 1042 2524 omnibus
1054 2469 1270 2544 peruenerunt.

230 2569 367 2658 Quidam
383 2569 465 2634 enim
480 2569 588 2635 borum
602 2569 762 2649 dixerunt,
778 2567 871 2634 initia
885 2569 1022 2634 omnium
1033 2569 1093 2634 duo
1108 2592 1184 2650 esse,
1197 2568 1268 2658 qui·

193 2683 196 2699 '
225 2678 284 2745 bus
309 2677 386 2744 bono
411 2688 443 2744 et
464 2678 551 2744 moia
575 2679 815 2759 associaverunt,
837 2679 907 2764 ipsa
928 2677 1063 2753 dicentes
1089 2677 1190 2752 initia
1206 2677 1270 2744 sine

228 2788 319 2854 initio
334 2811 399 2854 esse
416 2800 447 2853 et
467 2789 620 2876 ingenita,
641 2787 720 2854 idest
740 2787 774 2852 in
794 2786 961 2875 principiis
985 2787 1083 2852 lucem
1095 2786 1218 2875 finisse,
1236 2809 1271 2851 ac

229 2897 380 2978 tenebras,
393 2919 467 2985 quce
480 2921 520 2963 eu
533 2901 705 2986 semetipsis
719 2912 821 2983 mant,
836 2924 897 2966 non
911 2923 986 2989 quse
998 2923 1062 2966 esse
1076 2900 1268 2967 dicebantur.

218 3007 314 3075 ‚Hcec
335 3029 404 3071 oum
426 3008 512 3093 apud
533 3008 696 3094 semetipsa
716 3021 827 3091 essent,
844 3010 1007 3097 propriam
1032 3010 1272 3099 unumquodque

228 3143 334 3189 eostam
353 3121 454 3200 uitam
473 3121 598 3210 agebat,
618 3145 714 3210 quom
734 3123 839 3205 uellet,
861 3134 928 3189 met
949 3123 1053 3212 qualis
1072 3121 1131 3188 sibi
1154 3137 1272 3209 compe·

227 3287 327 3337 quoque
337 3271 458 3335 hereticis
468 3270 624 3333 dogmatibus
635 3270 734 3319 inficere
742 3279 864 3320 tentasset.
897 3270 961 3319 Sane
972 3269 1082 3318 Basilidis
1098 3269 1178 3318 Persa
1193 3267 1270 3327 nulla,

227 3358 293 3421 qnod
308 3356 395 3412 sciam,
405 3355 470 3416 apud
479 3364 571 3402 veteres
583 3355 684 3401 mentio.
718 3353 816 3416 Scripsit
826 3363 910 3402 antem
922 3351 1038 3401 Basilides
1048 3351 1231 3400 Alexandrinus
1243 3353 1271 3399 li·

226 3441 282 3488 bros
294 3449 334 3488 nt.
345 3439 372 3486 in
383 3436 555 3498 Evangelium,
566 3437 653 3485 eodem
665 3435 770 3483 Eusebio
785 3443 855 3493 teste,
871 3434 914 3496 qui
931 3448 982 3481 non
999 3433 1041 3481 alii
1059 3447 1111 3482 esse
1129 3434 1272 3482 videntura

227 3529 376 3570 tractatuum
392 3517 469 3573 libris,
480 3531 541 3578 quos
553 3516 635 3565 laudat
647 3515 790 3572 Archelaus,
806 3526 831 3563 et
846 3515 877 3563 ab
894 3515 1023 3576 exegeticis
1039 3513 1098 3571 illis,
1115 3528 1147 3562 ex
1165 3529 1272 3576 quorum

227 3603 290 3652 libro
301 3611 341 3650 2³.
352 3583 465 3661 q’uaedam
478 3598 531 3646 loca
543 3600 613 3647 refert
623 3598 739 3646 Clemens
752 3595 931 3644 Alexandrinus
950 3597 1102 3645 stromatum
1118 3595 1163 3644 lib.
1175 3607 1199 3651 4.
1232 3599 1273 3644 An

225 3695 310 3737 sutem
321 3681 482 3743 Evangelium
497 3680 568 3738 illud,
585 3682 611 3727 in
627 3680 693 3741 quod
710 3677 823 3727 Basilides
839 3678 943 3740 scripsit,
959 3677 1134 3740 Apostolorum
1152 3686 1224 3735 esset,
1241 3691 1272 3724 an

227 3767 304 3824 aliud,
316 3765 382 3825 quod
393 3777 439 3810 suo
449 3762 526 3810 marte
537 3761 666 3818 confinxit,
676 3759 748 3820 cujus
759 3757 874 3807 meminit
884 3757 995 3818 Origines
1008 3758 1085 3806 Hom.
1098 3768 1121 3804 1.
1133 3758 1159 3805 in
1169 3759 1272 3814 Lucam,

228 3849 395 3907 Hieronymus
407 3844 432 3890 in
444 3841 543 3904 prologo
554 3855 657 3890 suorum
667 3840 767 3888 Comrm
779 3839 804 3886 in
814 3839 975 3897 Matthaeum,
984 3847 1008 3886 et
1018 3838 1166 3888 Ambrosius
1177 3842 1203 3887 in
1219 3853 1273 3901 pro·

219 3931 284 3997 ilogo
295 3930 322 3976 in
331 3924 491 3985 evangelium
503 3924 587 3980 Lucae,
602 3937 654 3969 non
669 3923 726 3969 satis
743 3920 836 3982 liquido
849 3929 951 3967 constat.
982 3917 1065 3978 (Cous.
1077 3929 1130 3968 not.
1141 3922 1173 3968 ad
1184 3921 1273 3970 Euseb.

219 4028 282 4078 pag.
293 4021 332 4059 84.
343 4007 391 4056 vol.
402 4008 418 4053 i.
430 4005 556 4071 Reliquias.
566 4015 590 4053 et
598 4015 682 4054 notam
695 4013 768 4066 pas.
785 4003 861 4065 hujus
877 4001 926 4049 vol.
952 4003 991 4052 De
1007 4011 1079 4050 aetate
1095 4003 1207 4054 Basilidis
1223 4005 1271 4053 vid.

249 4128 255 4143 ,
314 4126 320 4137 .
373 4105 409 4139 .ι.

231 4107 247 4159 ρ
262 4090 372 4231 ¹23limiti,l
379 4086 474 4218 alibrum
483 4169 552 4217 diota.
576 4169 651 4231 (Quid
664 4169 727 4217 inira
736 4167 857 4241 significet
866 4182 914 4216 vox
923 4165 1056 4230 parvulam,
1068 4163 1171 4228 nescim)

258 4263 276 4292 ¹³
288 4259 319 4307 ln
327 4252 558 4322 conscensurus,
569 4260 591 4298 et
601 4250 677 4322 quales
687 4250 719 4317 ibi
730 4258 868 4313 competeret.
