2684 4740
164 294 404 375 ARCHELAI
427 297 484 363 ET
502 296 709 363 MANETIS
729 291 1017 360 DISPUTATIO·
1055 313 1117 383 229

73 461 155 552 quid
176 465 259 531 voltis
281 466 434 547 scribam,
457 468 517 553 ipsi
538 467 620 533 enirn
642 467 809 556 diligenter
831 430 1027 553 scitisiquie
1051 465 1115 534 dies

72 575 220 657 Domini,
235 577 384 663 sieutfur
398 576 431 641 in
444 588 542 657 noete,
558 576 604 641 ita
619 577 729 641 veniet.
775 579 818 641 Et
840 575 1006 662 quomodo
1029 595 1115 640 nuno

67 683 184 751 adstat
210 686 270 750 iste
296 686 501 772 persuadens,
533 701 567 750 et
592 708 708 771 rogans
734 706 985 771 unumquenque
1007 685 1116 748 Mani-

73 792 205 861 chaeum
218 792 311 875 effici,
324 794 587 877 eteircumvenit,
599 806 632 858 et
641 793 820 880 ingreditur
830 793 957 871 domos,
968 791 1116 878 decipere

74 923 222 988 quaerens
237 902 360 966 animas
376 915 520 967 oneratas
536 904 698 989 peccatis?
737 902 800 966 Sed
817 924 875 965 nos
891 924 954 966 non
973 901 1018 965 ita
1044 923 1115 967 sen·

74 1009 190 1091 timus,
208 1011 288 1098 ⁴quin
310 1011 420 1096 potius
441 1033 491 1076 res
516 1011 601 1097 ipsas
623 1011 825 1098 proferamus
848 1010 880 1074 in
904 1009 1060 1089 medium,
1083 1025 1117 1076 et

73 1121 292 1200 conferamus,
315 1121 341 1185 si
363 1122 479 1208 placet,
498 1122 539 1186 ad
555 1122 733 1208 perfectum
752 1121 955 1186 Paraclitum.
992 1119 1117 1185 Videtis

74 1229 163 1294 enim
187 1232 263 1317 quia
284 1221 445 1296 interdum
465 1232 613 1318 poenitet,
636 1232 798 1298 interdum
823 1234 1011 1319 interrogat,
1036 1254 1117 1297 non-

73 1362 243 1428 nunquam
258 1339 456 1428 deprecatur.
494 1342 558 1408 Sed
573 1343 729 1429 scriptum
745 1355 794 1409 est
810 1343 842 1406 in
858 1341 1032 1428 Evangelio
1046 1341 1117 1405 Sal·

73 1449 194 1514 vatoris
215 1450 327 1530 nostri,
349 1451 425 1538 quia
444 1466 477 1516 et
499 1452 557 1531 illi,
579 1451 634 1538 qui
654 1474 674 1516 a
694 1451 827 1516 sinistris
843 1451 940 1536 Regis
955 1451 1118 1530 assistunt,

73 1557 198 1639 dicent,
213 1557 377 1639 ⁸Dornine,
394 1561 515 1646 quando
538 1570 567 1624 te
582 1560 714 1624 vidimus
729 1561 923 1639 esurientem,
940 1572 995 1624 aut
1010 1560 1118 1625 sitien·

76 1679 155 1749 tem,
172 1679 227 1734 eut
246 1670 376 1749 nudum,
400 1681 455 1734 ant
475 1670 685 1759 peregrinum,
708 1682 764 1734 aut
779 1669 830 1734 tin
854 1656 982 1771 carcere,
1005 1680 1035 1733 et
1057 1693 1118 1735 non

68 1777 325 1857 ‘'ministravimus
339 1779 426 1844 riti?
447 1792 598 1865 rogantes
614 1792 651 1844 ut
666 1780 727 1844 sibi
739 1779 922 1864 indulgeret
930 1803 941 1857 3
957 1763 1020 1843 'sed
1041 1762 1119 1865 quid

77 1886 143 1954 illis
157 1888 322 1975 respondit
331 1889 439 1976 justus
449 1889 553 1975 judex
565 1891 654 1954 Rex?
682 1889 865 1954 ⁹Diseedite
878 1912 897 1953 a
909 1912 956 1954 me
968 1889 1000 1952 in
1016 1871 1119 1977 ignem

78 2008 236 2062 telenum
250 1999 384 2083 operarii
402 1998 592 2085 iniquitatis.
627 1999 762 2086 Abjecit
776 2021 832 2064 eos
846 1999 879 2062 in
895 1984 1052 2064 aeternum
1067 1998 1119 2086 ig-

78 2127 168 2186 nem,
177 2129 252 2172 cum
264 2107 310 2171 illi
321 2129 436 2193 rogare
447 2129 511 2172 non
522 2120 659 2173 cessent.
691 2107 834 2200 Videsne
845 2089 923 2195 quid
935 2109 976 2173 sit
987 2108 1120 2196 perfecti

69 2214 182 2300 Regis
211 2214 390 2281 adventus?
420 2239 486 2280 non
512 2216 621 2302 talem,
644 2217 772 2304 qualem
799 2229 837 2282 tu
861 2218 972 2282 asseris
996 2220 1121 2303 perlec-

61 2324 214 2406 tionem.
252 2324 354 2412 Quod
370 2325 397 2389 si
410 2338 487 2411 post
500 2325 605 2411 ipsum
620 2325 836 2412 expectandus
852 2306 904 2391 est
915 2311 1060 2413 magnus
1062 2325 1120 2414 ju-

78 2433 159 2500 dicii
172 2434 252 2515 dies,
266 2435 372 2498 multo
387 2433 500 2520 utique
516 2433 571 2499 hic
584 2433 642 2498 illo
657 2434 787 2498 inferior
802 2446 861 2499 est.
905 2433 1005 2521 Quod
1026 2435 1053 2513 si
1070 2435 1121 2498 in-

79 2543 180 2610 ferior
193 2543 444 2629 erit,perfectus
458 2565 523 2606 non
538 2542 609 2607 erit.
654 2541 689 2605 Si
703 2542 865 2627 perfectus
881 2527 946 2605 nori
964 2541 1036 2619 erit,
1057 2564 1122 2607 non

79 2649 127 2714 de.
145 2651 217 2736 ipso
231 2650 309 2715 dicit
322 2649 514 2736 Apostolus.
558 2649 657 2738 Quod
674 2649 699 2713 si
713 2672 778 2713 non
794 2633 835 2713 de
848 2649 920 2734 ipso
936 2648 1014 2714 dicit
1028 2649 1122 2735 Apo·

79 2758 197 2838 stolus,
212 2759 272 2822 iste
288 2771 396 2840 autem
412 2756 452 2820 de
468 2779 502 2821 se
516 2757 639 2822 dictum
653 2779 724 2821 esse
739 2751 910 2849 mentitur,
920 2757 1120 2845 pseudopro-

80 2866 182 2954 pheta
201 2866 314 2954 utique
331 2865 528 2954 judicandus
550 2880 610 2932 est.
656 2864 720 2931 Sed
742 2879 775 2929 et
797 2860 982 2937 multaalia
1003 2855 1120 2932 horum

78 2977 200 3061 similia
222 2977 286 3042 dici
309 2988 456 3066 possunt,
471 2999 544 3064 quae
560 2976 586 3040 si
601 2975 709 3040 omnia
722 2974 871 3061 persequi
885 2974 1030 3055 velimus,
1045 2976 1120 3041 nul·

67 3085 151 3155 lum
177 3085 270 3152 nobis
292 3096 421 3173 tempus
447 3085 490 3148 ad
519 3083 628 3156 omnia
657 3079 814 3170 explenda
840 3083 986 3149 sufficiet.
1024 3083 1121 3151 Unde

79 3195 245 3262 abundare
273 3193 450 3260 existimavi
486 3193 526 3257 de
554 3193 665 3258 multis
695 3213 799 3277 pauca
828 3191 955 3270 dixisse,
984 3195 1120 3282 reliquas

80 3317 189 3390 partes
203 3316 358 3369 tractatus
373 3302 470 3390 hujus
486 3294 600 3389 exequi
614 3301 796 3366 volentibus
812 3301 1045 3388 derelinquens.

124 3415 289 3478 XXXIX.
312 3413 375 3477 His
398 3413 515 3486 auditis
538 3412 696 3475 dederunt
720 3408 858 3494 gloriam
880 3394 961 3474 Deo*
980 3411 1120 3478 immen-

80 3543 163 3606 sam,
179 3534 211 3587 et
225 3522 297 3609 ipso
318 3521 471 3607 dignam3
494 3521 690 3585 Archelaum
714 3541 787 3583 vero
810 3519 920 3584 multis
944 3520 1119 3590 honoribus
1184 3519 1186 3525 ’

79 3631 268 3696 affecerunt.
305 3631 397 3694 Tunc
410 3629 587 3693 Marcellus
600 3649 783 3713 assurgens,
802 3641 836 3692 et
848 3641 866 3674 u
876 3629 973 3695 stolas
988 3653 1118 3715 exuens,

78 3736 247 3805 circundat
258 3738 469 3818 Archelaum,
480 3750 577 3825 atque
592 3738 710 3804 osculis
723 3759 797 3801 eum
813 3737 935 3804 defixus
950 3742 1118 3828 amplecti·

111 3949 121 3982 ἲ
139 3951 178 3998 Ita
186 3951 292 4013 Vulgata
305 3953 378 4013 juxta
393 3967 501 4014 graecuru
519 3961 625 4010 tentum,
642 3951 776 4014 Cyprianus
788 3952 831 4001 lib.
842 3956 871 4002 de
882 3956 961 4019 Opere
972 3968 996 4005 et
1006 3957 1117 4006 Eleemo-

76 4033 147 4094 tynis
159 4032 260 4095 aliique.
292 4032 431 4081 casinensis
443 4044 526 4082 tamen
537 4033 619 4092 habet,
632 4030 655 4080 in
665 4048 780 4106 carcerem.

113 4115 126 4144 ‘¹
142 4113 221 4174 Forte,
233 4113 321 4161 stolam.

275 4198 287 4232 ὅ
298 4201 361 4250 Mat.
373 4217 432 4252 xxv·
444 4212 485 4251 44.
726 4205 812 4253 stuc.
823 4206 875 4254 xiii.
886 4213 926 4260 27.

573 4309 599 4352 α
612 4303 630 4352 3
