2684 4740
489 315 847 384 ARCHELAUS.
1136 335 1194 403 133

148 499 208 547 cet.
250 488 375 546 Demum
389 509 475 566 quam
489 500 635 568 postremo
648 490 715 548 loco
730 489 818 546 tradit
836 485 921 565 hujus
940 487 997 544 loci
1017 489 1187 565 iuterpreta-

145 571 272 636 tionem,
286 588 390 647 nempe
409 570 536 628 inlirmos
552 572 652 629 oculos
671 571 833 635 veritatum,
847 587 917 644 quas
931 587 1032 644 capere
1046 587 1105 624 uon
1119 587 1187 645 pos·

146 658 228 716 sunt,
247 649 362 724 fulgore
382 649 516 718 obtundi,
536 654 701 708 continetur
722 651 752 705 in
773 668 807 705 ea
828 650 940 704 ratione
959 667 1043 723 quarn
1066 647 1188 705 reddidit

146 729 311 786 Proculeels.
322 731 349 799 i.
359 730 410 786 xii.
423 749 474 786 cur
488 731 709 788 catechumenis
723 730 857 805 mysteria
871 728 999 785 celentur
1004 752 1013 798 ι
1029 729 1096 803 quia
1108 727 1187 784 ride·

146 808 218 866 licet
237 818 356 866 noceret
376 810 445 886 ipsis
464 829 558 868 rerum
577 831 646 887 quas
667 810 794 866 nondum
813 827 914 885 capere
934 817 1066 885 possunt,
1085 809 1186 882 cogui-

146 889 223 946 tio.”
259 888 409 954 Hactenus
424 891 467 946 uir
479 890 528 947 ille
541 890 653 950 doctus.

188 968 381 1025 Restituimus
395 972 487 1027 ιιιίιι
505 973 536 1028 in
556 973 655 1048 primis
671 969 820 1035 lectiones,
834 987 904 1044 quas
924 967 959 1024 ad
976 969 1072 1045 capita
1083 966 1185 1028 li-lr,

145 1047 364 1125 Disputationis
395 1050 530 1109 Archelai
562 1070 627 1109 curu
655 1049 786 1115 Manem,
814 1068 849 1104 cx
879 1047 988 1123 Regio·
990 1048 1186 1105 Alexandrino

145 1128 249 1186 codice
272 1129 429 1206 descriptas
454 1131 492 1188 ad
514 1150 573 1188 sua
596 1131 731 1188 editionis
755 1127 861 1186 calcem
885 1127 986 1206 reJ'ecit
1012 1129 1186 1203 Zacagnius,

146 1209 204 1266 hac
224 1208 444 1286 prefatiuncula
467 1230 534 1268 usus
557 1210 694 1286 (collect.
719 1209 902 1266 Monumeut.
924 1218 980 1266 ret.
1001 1228 1067 1303 pag.
1081 1209 1185 1277 709³)

146 1289 285 1350 “Quum
302 1298 370 1366 post
387 1290 503 1356 editam,
518 1292 622 1368 inquit,
638 1290 772 1347 Archelai
791 1290 1039 1365 disputationem
1033 1300 1108 1345 tuter
1126 1287 1187 1344 Re·

146 1377 169 1405 ‘⁸
183 1367 462 1446 gio-Alexandrinos
491 1370 637 1428 Vaticana
668 1370 851 1427 bibliotheca
879 1369 992 1425 codices
1019 1370 1187 1446 reperissem

144 1456 169 1483 “
183 1449 384 1544 apographum
406 1449 554 1527 cujusdam
575 1453 680 1508 vetusti
701 1451 817 1515 codicis,
832 1469 880 1525 qur
872 1449 967 1505 olim
987 1449 1024 1506 ad
1042 1458 1187 1506 monaste·

146 1536 171 1564 “
185 1530 263 1587 rium
280 1532 374 1586 saneti
392 1531 490 1598 Salvii,
504 1531 707 1589 Ambiauensis
722 1530 845 1587 fortasse
859 1531 986 1606 episcopi
1001 1540 1030 1585 et
1042 1529 1186 1605 martyris,

146 1615 172 1643 ¹‘
183 1611 346 1687 pertinuit,
369 1612 443 1667 etin
456 1631 492 1668 eo
506 1612 605 1669 codice
622 1631 679 1668 uua
693 1631 756 1667 cum
771 1611 863 1667 sancti
878 1611 1035 1684 Augustini
1049 1610 1187 1666 Conrmo·

145 1696 170 1737 ι’
184 1691 296 1746 nitorio
309 1691 441 1747 adversus
455 1691 657 1749 Manichaeos
650 1701 725 1748 inter
738 1689 865 1767 ejusdem
879 1689 1015 1767 epistolas
1030 1691 1118 1754 edito,
1135 1689 1187 1745 ha-

145 1777 169 1803 “
183 1769 325 1826 herentar
342 1783 478 1848 excerpta
498 1772 628 1849 quadam
647 1791 684 1829 ex
700 1773 781 1828 Actis
801 1769 1003 1864 disputationis
1017 1770 1152 1826 Archelai
1171 1788 1190 1826 a

146 1858 170 1884 “
184 1869 252 1928 cap.
243 1848 294 1906 .li.
286 1869 399 1926 .usque
411 1853 449 1908 ad
463 1871 525 1947 cap
540 1853 690 1930 inopere
710 1852 833 1929 pretium
855 1851 952 1907 censui
972 1851 1063 1907 varias
1085 1868 1121 1905 ex
1139 1868 1189 1906 eo·

145 1937 170 1962 “
183 1929 253 1986 dem
271 1930 441 2007 apographo
459 1928 597 1990 lectiones
618 1933 711 1998 edere,
729 1950 817 2007 quum
838 1932 965 2007 ipsorum
985 1950 1040 2008 ope
1058 1929 1189 2006 quadam

147 2016 170 2044 ‘⁸
185 2008 322 2066 Archelai
338 2010 404 2066 loco
417 2014 632 2070 restituantur.n
655 2013 728 2068 Haec
742 2011 799 2068 ille.
821 2011 972 2089 Ejusmodi
987 2021 1083 2067 autem
1097 2011 1189 2068 varias

146 2088 300 2156 Ιιιιίοιιιι,
320 2090 399 2146 haud
422 2109 492 2149 sanc
515 2094 750 2158 contemnendas,
769 2091 847 2148 aliud
865 2109 953 2166 agens
974 2092 1113 2170 praeteriit
1132 2090 1190 2146 Fa·

147 2169 267 2235 hricius,
282 2169 327 2225 sir
348 2180 444 2228 cetera
463 2172 625 2249 diligens,
618 2192 648 2229 sn
669 2191 722 2229 suo
740 2173 886 2247 spicilegio
904 2179 1058 2228 ιιιιιοιιιιιι
1072 2173 1192 2228 Poirum

143 2251 240 2306 saculi
253 2267 303 2307 ιιι.
317 2269 438 2327 operum
452 2251 696 2330 Hippolyteorum
710 2254 837 2310 adnexo·
860 2263 890 2308 at
904 2251 966 2309 illas
981 2253 1053 2308 scite
1067 2251 1191 2308 intexuit

145 2329 266 2406 reliquis
287 2331 406 2387 editoris
424 2334 502 2388 uotis
522 2333 702 2390 doctissimus
723 2343 824 2389 auctor
842 2332 1038 2409 Supplementi
1055 2332 1090 2388 ad
1111 2331 1189 2388 Cou-

147 2408 217 2466 eilia
232 2409 518 2469 Veneto-labbeana
530 2415 638 2488 (Mauri
652 2414 798 2491 Supplem.
811 2411 848 2470 ad
861 2412 973 2470 Concil.
988 2424 1058 2468 tom.
1072 2413 1089 2468 i.
1104 2429 1190 2487 pagg.

152 2491 221 2548 113.
231 2491 317 2566 seq..)
338 2493 422 2566 (Vor.
439 2493 528 2551 Lecti.
543 2497 651 2552 circiter
664 2494 713 2550 50.
732 2493 861 2564 tontum)
884 2492 1061 2547 Praetcreaf
1059 2508 1191 2566 ragmen·

148 2581 213 2626 tom
236 2568 453 2648 Disputatiouis
477 2574 612 2631 Archelai
636 2594 672 2631 ex
697 2572 797 2648 Cyrilli
819 2571 1075 2647 Hierosolymitani
1103 2571 1190 2627 Cate-

150 2649 273 2706 chesi
246 2669 284 2706 ιι.
300 2652 462 2709 desumtum
476 2655 674 2730 atqueiisdem
689 2653 771 2709 Actis
785 2651 838 2707 suh
853 2651 937 2707 finem
952 2649 1106 2727 adjectum,
1121 2667 1192 2706 con·

149 2729 271 2786 tulimus
290 2750 357 2787 cum
372 2734 529 2791 norissima
547 2735 674 2791 editione
691 2732 846 2789 Parisieusi
861 2730 925 2788 BB.
943 2730 1110 2806 Cyrilliaua,
1127 2748 1191 2788 rer·

150 2809 321 2887 sionemque
334 2815 539 2882 recensuimus,
554 2827 584 2870 et
598 2814 635 2872 cl.
648 2813 766 2870 editoris
781 2822 865 2868 notas
878 2809 1061 2889 subjecimus.

565 2951 789 3002 ·-·-⁴·-

191 3054 266 3112 Hac
280 3054 492 3113 Gannaumus.
526 3055 600 3112 Cum
612 3074 679 3112 vero
689 3053 859 3110 Fabricius
852 3071 882 3108 ιιι
893 3053 1065 3110 Bibliothecae
1080 3054 1189 3120 Graeco,

146 3135 270 3194 volrii.
282 3154 350 3213 pag.
362 3135 433 3197 276.
447 3136 491 3194 ed.
505 3155 599 3202 nora,
616 3135 787 3212 scripsisset,
802 3131 937 3207 colligere
955 3132 1167 3208 zacagnium,
1159 3150 1191 3188 ιιι

146 3216 298 3293 epitomen
321 3216 465 3291 redegisse
489 3215 625 3274 Archelai
650 3217 726 3272 Acta
752 3213 978 3308 Hegemonium,
1003 3223 1089 3287 atque
1113 3212 1188 3268 illius

146 3296 240 3353 modo
255 3295 407 3374 Epitomes
427 3295 547 3353 latinam
567 3307 693 3352 veterem
711 3295 870 3350 versionem
891 3293 926 3348 ad
945 3311 997 3347 nos
1017 3293 1188 3368 pervenisse,

146 3375 255 3434 exinde
267 3376 367 3451 quod
359 3394 388 3430 ιιι
403 3376 458 3431 hac
474 3394 534 3432 non
548 3375 694 3450 leguntur,
706 3393 769 3449 quae
783 3393 818 3429 ex
832 3371 966 3428 Archelai
981 3373 1188 3449 disceptatione

146 3474 215 3514 cum
227 3455 349 3512 Manete
363 3454 473 3530 profert
486 3454 610 3531 Cyrillus
625 3454 741 3511 Hieros.
757 3463 787 3508 et
801 3453 878 3528 quod
897 3450 1008 3508 duobus
1027 3451 1097 3507 locis
1119 3470 1187 3508 auc-

145 3547 198 3594 tor
213 3536 319 3592 hornm
336 3537 479 3593 Actorum
498 3536 534 3592 ab
557 3534 699 3593 Archelao
717 3552 748 3589 se
765 3533 917 3607 distinguit
936 3551 970 3588 ιι
986 3533 1150 3588 diversum
1141 3551 1187 3587 ru·

145 3616 235 3686 nuit;
256 3633 292 3672 ea
312 3634 377 3690 quae
399 3627 567 3722 sequuptur,
586 3615 640 3672 cel
661 3613 774 3670 Keilius
796 3613 907 3669 notavit
928 3613 964 3668 ad
986 3611 1188 3668 Fabricianum

146 3714 234 3774 opus.
269 3694 383 3751 “His
375 3698 455 3773 ipsis,
459 3697 618 3772 'inquit,‘
621 3695 761 3769 ‘aliisque
774 3692 903 3769 pluribus
917 3692 953 3748 de
967 3694 1058 3748 causis
1073 3710 1188 3748 omnem

146 3779 328 3835 “Actorum
336 3775 421 3833 fidem
432 3786 518 3852 atque
529 3776 731 3833 auctoritatem
743 3773 899 3846 iufringere
910 3773 1019 3828 studuit
1028 3771 1188 3829 Beausobr.

146 3857 305 3914 “Hatria
321 3858 356 3913 de
373 3857 496 3914 Manioi.
516 3855 567 3916 lib.
582 3856 607 3914 1.
621 3875 683 3932 cap.
694 3855 744 3910 xii.
759 3864 789 3909 et
801 3853 862 3908 xiii
877 3871 905 3947 p.
925 3853 988 3910 129.
1003 3872 1045 3928 sq.
1064 3865 1094 3908 et
1115 3852 1187 3909 Bidl.

145 3937 283 3994 Man
300 3945 325 3995 t.
338 3935 400 3992 xlii.
417 3957 447 4014 p.
463 3938 513 3994 34.
531 3956 573 4012 sq.
592 3935 641 4013 qui
660 3935 854 3991 narrationem
875 3935 960 3989 istam
978 3932 1106 3989 fabulam
1125 3949 1188 3987 esse

145 4014 307 4093 “judicat
316 4026 420 4091 quarto
430 4036 488 4075 sec.
500 4015 661 4073 aGraeculo
675 4014 800 4090 quodam
810 4031 845 4069 ex
856 4014 931 4070 reris
944 4014 1048 4104 partim
1059 4012 1188 4084 fictisque

145 4094 361 4162 “rumoribus,
374 4098 480 4175 partim
494 4115 530 4154 ex
543 4096 661 4172 ingenio
674 4095 762 4151 etiam
777 4102 957 4163 contextam3
977 4090 1057 4168 cujus
1071 4102 1187 4146 senten·

144 4176 235 4233 “tia
250 4185 284 4234 ut
296 4175 423 4234 fautores
442 4186 544 4234 nactos
558 4186 603 4234 est
620 4174 759 4233 Iarducr.
774 4174 824 4251 qui
839 4176 902 4249 (De
913 4135 980 4230 fille
991 4173 1066 4228 Hui.
1080 4171 1187 4245 Evang.

640 4265 700 4316 xa
