2684 4740
161 303 224 361 ηοω
257 285 497 363 nectentur
520 291 576 366 m
597 291 802 371 usurus
822 260 1113 374 nisnur‘urto.

160 455 318 550 perhibet.
363 458 451 545 Quid
473 458 580 524 dicent
601 463 682 526 lesu
703 463 735 526 in
758 463 810 526 die
831 463 947 550 judicii
967 462 1032 544 illi,
1053 464 1111 550 qui
1128 448 1200 551 jam

160 565 225 631 vita
239 579 441 637 excesserunt
456 591 495 632 ex
509 567 566 632 illo
582 582 726 656 tempore
742 595 842 660 usque
854 575 960 638 nunc?
992 575 1115 641 Nonne
1127 573 1201 644 haec

158 678 244 764 apud
259 701 334 742 eum
349 679 545 764 allegabunt,
563 681 629 746 noli
644 703 702 745 nos
716 683 870 762 cruciare,
891 683 918 747 si
937 704 1035 769 opera
1055 695 1114 748 tua
1133 707 1201 750 non

159 785 315 866 fecimus3
339 811 396 854 cur
418 789 504 861 enim
528 813 602 855 cum
629 792 812 877 promiseris
837 793 897 857 sub
916 792 1045 859 Tiberio
1069 792 1202 866 Caesare

159 894 333 973 missurum
357 907 389 960 te
410 918 480 962 esse
505 898 707 976 paraclitum,
729 900 784 986 qui
805 901 971 987 ⁶argueret
993 923 1046 966 eos
1068 902 1108 977 de
1124 920 1200 988 pee-

159 1015 240 1083 cato,
254 1016 285 1069 et
299 1005 478 1090 dejtylitio,
494 1008 554 1082 sub
569 1009 673 1073 Probo
690 1009 822 1076 demum
839 1011 985 1087 Romano
997 1011 1202 1095 Imperatore

159 1114 287 1194 misisti,
303 1116 461 1200 orphanos
480 1116 687 1202 dereliquisti,
703 1139 777 1183 cum
792 1118 861 1204 ipse
874 1119 1000 1198 dixeris,
1016 1125 1096 1185 ⁷non
1111 1121 1213 1195 dere,

159 1222 303 1310 linquam
317 1245 369 1287 vos
383 1224 543 1309 orphanos,
560 1246 633 1289 cum
653 1226 722 1312 ipse
736 1225 852 1297 dixeris
866 1240 909 1306 te,
929 1249 1005 1291 mox
1024 1228 1100 1309 ires,
1119 1231 1201 1294 mis·

158 1357 269 1407 surum
286 1357 354 1400 esse
371 1335 584 1403 paraclitum?
622 1335 712 1401 Quid
727 1349 915 1421 poteramus
930 1335 1065 1423 orphani
1081 1337 1203 1420 facere,

159 1467 224 1510 non
238 1443 393 1511 habentes
409 1457 560 1524 tutorem,
580 1443 658 1508 nihil
682 1466 740 1516 nus
761 1444 966 1531 deliquimus,
981 1458 1016 1509 tu
1031 1467 1091 1510 uos
1106 1447 1202 1515 fefel-

159 1554 246 1626 listi?
284 1554 369 1618 rSed
383 1555 466 1620 absit
480 1554 543 1619 hoc
558 1577 577 1618 a
590 1554 735 1627 Domino
750 1566 860 1625 nostro
874 1556 953 1629 Jesu
973 1553 1107 1623 Christo
1130 1557 1203 1633 Sal.-

160 1675 269 1735 vstore
285 1663 390 1731 omnis
405 1663 530 1727 animae.
575 1665 653 1726 Non
667 1663 751 1735 enim
773 1675 917 1735 moratus
936 1676 985 1727 est
1007 1662 1040 1726 in
1060 1664 1203 1749 promis-

158 1771 302 1837 sionibus
319 1773 394 1851 suis,
412 1772 467 1844 sed
483 1794 556 1841 cum
572 1771 712 1850 dixisset,
728 1771 1024 1857 ⁸Vad0ad1>aoem
1036 1794 1154 1852 meum,
1171 1784 1202 1839 et

159 1881 249 1947 mitto
265 1879 347 1944 vohis
359 1880 567 1961 Paradisum,
585 1881 694 1947 statim
709 1880 807 1960 misit,
824 1880 979 1960 dividens,
993 1880 1119 1957 donans
1131 1865 1202 1955 dis·
1220 1862 1224 1864 i

160 1987 276 2073 clpulis
291 1989 376 2068 suis3
399 2002 409 2034 ⁸
425 1988 640 2053 abundantius
655 2011 729 2052 vero
744 1989 911 2065 conferens
925 1990 1033 2054 Paulo.

172 2159 175 2162 Α
202 2095 367 2164 XXVIII.
396 2095 536 2157 Munus
561 2115 687 2171 o1x1r,
710 2095 939 2180 Tuimetipsius
963 2093 1081 2165 indicio
1106 2117 1199 2169 com-

158 2201 335 2289 prehensus
350 2223 395 2265 es.
432 2203 514 2265 Haec
536 2202 621 2266 enirn
646 2201 814 2265 aduersum
835 2215 867 2265 te
889 2202 1030 2291 locutus,
1055 2203 1200 2288 ignores,

160 2310 236 2398 quia
251 2310 329 2373 dum
345 2309 378 2375 in
394 2330 446 2371 me
465 2308 510 2371 vis
531 2309 649 2392 probra
671 2308 841 2396 conjicere,
863 2309 978 2396 majori
996 2309 1102 2396 culpae
1125 2333 1199 2388 sue

159 2422 296 2491 cumbis.
333 2420 398 2486 Dic
414 2441 475 2505 age
489 2418 579 2496 mihi,
596 2420 633 2497 si,
649 2432 684 2485 ut
698 2419 756 2498 eis,
777 2419 832 2505 qui
847 2442 866 2483 a
879 2419 1008 2483 Tiberio
1033 2440 1137 2512 usque
1158 2418 1199 2483 ad

160 2534 300 2602 Probum
316 2529 460 2596 defuncti
476 2543 562 2605 sunt,
574 2528 681 2593 dicent
694 2529 736 2595 ad
747 2531 872 2610 lesum,
888 2530 954 2593 noli
970 2551 1027 2592 nos
1037 2529 1197 2614 judicare,

160 2644 237 2731 quia
251 2664 348 2728 opera
362 2652 418 2704 tua
433 2663 497 2705 nou
513 2639 661 2715 fecimus,
676 2658 740 2701 non
756 2638 841 2701 enim
858 2637 974 2702 misisti
989 2637 1083 2704 nobis
1100 2639 1196 2717 Rara·

157 2754 285 2832 clitum,
302 2758 398 2823 tcum
413 2749 528 2816 dixeris
544 2762 576 2812 te
596 2749 768 2813 missurum
778 2771 788 2826 3
813 2767 877 2816 non
899 2745 1003 2817 multo
1022 2746 1129 2842 magis
1151 2746 1197 2822 illi

158 2862 230 2927 haec
247 2862 364 2940 dicent,
380 2860 436 2945 qui
451 2883 470 2922 a
484 2862 605 2945 Moyse
620 2883 722 2947 usque
744 2861 785 2924 ad
806 2859 980 2924 adventum
1001 2859 1102 2944 ipsius
1116 2861 1195 2929 Jesu

161 2972 284 3045 Christi
305 2972 368 3043 vita
390 2985 602 3052 excesserunt,
625 2985 658 3035 et
679 2994 719 3035 eo
741 2972 859 3037 rectius
881 2971 1000 3049 dicent,
1022 2970 1117 3037 unoli
1139 2993 1196 3044 nos

191 3171 286 3221 rParva
297 3170 430 3217 mutatIoue
442 3170 510 3216 hunc
521 3168 606 3216 Iocum
618 3179 689 3225 recte,
707 3169 732 3215 ni
748 3167 826 3225 fallor,
845 3168 1040 3226 emendarimus,
1052 3169 1095 3230 qui
1114 3169 1141 3215 in
1158 3182 1197 3216 co·

158 3253 212 3301 dice
222 3251 347 3302 CasInensi
360 3251 392 3298 ita
403 3250 521 3298 sehabet.
545 3248 593 3296 Sed
599 3249 656 3297 absit
665 3250 722 3295 banc
732 3267 747 3294 a
759 3248 852 3303 Domino
863 3259 934 3295 nostro
944 3249 1000 3296 Jeru
1013 3247 1101 3300 Christo
1111 3247 1198 3307 Salva,

159 3343 204 3380 tore
215 3350 275 3379 omne
285 3333 375 3378 animae.

166 3442 170 3450 ·
190 3425 199 3449 ¹
215 3415 277 3460 Mire
296 3415 336 3459 hic
355 3421 379 3458 et
395 3413 420 3458 in
436 3426 502 3472 seqq.
521 3412 661 3471 depravatus
678 3419 713 3457 est
729 3411 804 3464 codex
823 3409 969 3466 casinensis,
988 3410 1014 3456 in
1031 3424 1082 3469 quo
1098 3409 1195 3472 legitur,

150 3495 326 3543 -Abundantibus
335 3511 388 3540 vero
399 3493 500 3555 conflmtr
508 3491 587 3540 Paulo.
608 3492 688 3538 Manes
698 3483 766 3548 dixit,
779 3492 848 3539 Tuum
858 3501 879 3553 (I
889 3490 958 3551 ipsius
969 3489 1049 3537 Iudicio
1060 3492 1197 3552 comprehens-

157 3594 191 3625 ηις
203 3594 242 3636 es;
259 3576 306 3621 haec
318 3576 373 3620 enim
384 3591 473 3620 versum
485 3583 506 3620 te
517 3572 608 3630 Iocutus,
620 3573 730 3634 ignorans,
743 3572 797 3636 quia
813 3572 865 3625 dum
882 3588 916 3616 me
932 3571 970 3619 vii
981 3571 1066 3632 probra
1082 3573 1195 3634 eotgjicm,

158 3663 236 3726 miaej'ori
253 3662 324 3724 culpa
340 3679 362 3707 se
378 3661 504 3707 succumbit.
537 3660 581 3705 Dic
598 3677 640 3720 age
656 3659 711 3705 milti
722 3659 815 3718 studim,
828 3676 873 3723 qua
886 3659 971 3706 Tiberio
981 3675 1049 3724 usque
1059 3659 1092 3708 ad
1099 3659 1197 3709 motum

156 3743 255 3809 ἐρῶκαὶ
266 3753 326 3799 sunt,
338 3741 547 3796 tricentesimum,
559 3739 625 3785 nolite
641 3756 677 3785 not
686 3739 800 3800 judicare.
833 3741 886 3787 Nos
903 3748 939 3787 tot
955 3741 1054 3797 menda,
1071 3750 1196 3800 quantum

157 3842 200 3891 ptr
210 3825 363 3884 conjecturas
374 3824 452 3880 licuit,
465 3823 598 3882 abstergere
609 3822 689 3868 conati
701 3836 796 3869 sumus.

188 3907 328 3961 ‘Verbum
342 3905 466 3960 missurum,
479 3913 559 3949 nostra
576 3913 611 3949 est
628 3903 725 3960 addItIo,
742 3917 800 3949 cunr
818 3903 844 3948 in
861 3902 986 3949 Casinensi
1002 3901 1079 3960 desit3
1097 3913 1124 3951 et
1138 3915 1196 3958 seue

135 4043 137 4047 ,
156 4005 243 4039 vocem
254 3987 332 4043 illam,
343 3986 382 4033 vel
395 3986 454 4045 quid
464 3985 544 4032 slmile
556 3985 588 4031 ibi
599 3985 700 4030 deficere
712 3985 762 4044 Ipsa
773 3985 886 4030 oratIouIs
897 3984 967 4031 series
979 3983 1091 4032 ostendit.

190 4077 202 4102 ¹¹
217 4070 247 4116 In
259 4066 384 4114 Casmensi
396 4075 440 4122 est,
451 4063 496 4110 noli
507 4073 580 4109 nostra
592 4063 618 4108 de
629 4063 749 4120 tormentis,
762 4062 832 4111 nullo
842 4077 926 4122 sensu,
937 4062 994 4118 nisi,
1004 4070 1032 4114 ut
1042 4063 1140 4116 editum
1149 4071 1195 4121 est,

82 4139 84 4144 ,
157 4152 296 4211 corrigatur.

204 4227 218 4262 ⁶
229 4233 298 4280 Joan.
311 4230 359 4277 xvi.
372 4239 394 4276 e.
492 4224 587 4273 tuan.
598 4226 648 4273 xiv.
660 4234 699 4273 18.
796 4215 888 4273 ⁸Joan.
898 4223 947 4274 xiv.
961 4233 1000 4271 12.
1011 4231 1037 4274 et
1046 4223 1099 4275 xvi.
1112 4234 1153 4280 πρ.
