2684 4740
160 303 224 391 23⁶.
259 297 500 382 mensuri
519 301 576 367 nr
596 298 803 371 usurus
823 295 1112 378 msrurnrro

159 468 298 545 cunrad
320 479 450 534 oetatern
471 471 649 554 pervenerit
669 469 891 536 ‘dehonorare
912 477 1068 554 ⁸oportet
1087 464 1201 553 paeda-

157 599 298 666 gogum,
318 588 487 663 propterea
508 577 598 664 quod
615 577 686 665 jam
709 599 807 664 opera
829 578 900 665 ejus
920 599 984 641 non
1007 576 1146 662 indiget,
1168 587 1204 642 et

157 699 269 775 potest
282 687 371 752 solus
381 687 452 774 jam
467 687 534 753 sine
548 688 617 776 ejus
632 688 833 767 adminiculo¹
846 687 887 751 ad
902 684 1030 759 scholas
1051 706 1201 772 pergere,

157 808 256 885 atque
270 797 311 862 ad
323 796 483 863 auditoria
495 801 687 884 properare?
723 798 811 863 tAut
826 818 951 863 rursum
967 778 1129 881 parvulus,
1145 795 1203 883 qui

158 909 243 976 lacte
263 907 402 973 nutritus
416 920 477 987 est,
493 930 566 973 cum
580 909 752 994 profecerit
767 907 808 972 ad
822 906 989 972 validiores
1004 906 1107 985 cibos,
1124 926 1202 970 cum

157 1016 275 1104 injuria
295 1019 393 1084 de'bet
409 1018 558 1106 abjicere,
580 1031 678 1107 atque
700 1020 924 1084 exhorrescere
947 1014 1079 1081 nutricis
1095 1035 1203 1079 mam·

158 1126 286 1192 milles?
310 1129 389 1216 quin
412 1129 521 1215 potius
545 1140 713 1195 veneratur
741 1141 775 1194 et
802 1128 892 1208 colit,
920 1138 954 1191 et
979 1124 1129 1191 beneficii
1153 1123 1204 1188 sui

157 1235 314 1301 udebitor
333 1238 463 1303 fatetur.
507 1237 610 1304 Aliud
633 1239 743 1318 etiam,
771 1237 798 1303 si
823 1237 959 1316 videtur,
982 1232 1204 1302 ¹edhibemuo

157 1347 354 1432 exemplum.
399 1348 513 1412 Homo
534 1346 667 1435 quidam
687 1346 870 1434 projectum
885 1347 917 1410 in
933 1357 1050 1412 terram
1066 1366 1144 1409 cum
1159 1343 1205 1409 vi·

157 1452 257 1521 disset
279 1455 447 1534 infantem,
470 1466 504 1520 et
521 1455 593 1543 jam
618 1455 825 1522 vehementer
849 1454 1018 1534 afflictum,
1038 1453 1204 1540 tcollegit

158 1584 246 1644 eum,
261 1577 295 1629 et
309 1565 430 1629 nutrire
443 1565 532 1651 apud
547 1587 583 1630 se
595 1565 708 1652 coepit,
721 1587 892 1653 usquequo
907 1564 949 1630 ad
969 1573 1099 1629 aetutern
1120 1562 1202 1627 ado-

117 1670 122 1677 ”
156 1672 319 1740 lescentiae
335 1675 524 1760 perveniret,
535 1675 746 1762 toleraritque
761 1697 888 1755 omnes,
903 1673 988 1761 2qui
1002 1671 1129 1738 evenire
1146 1693 1201 1737 so·

156 1781 226 1848 lent
243 1783 468 1862 nutritoribus,
483 1784 620 1850 labores.
658 1784 823 1850 aAccedit
835 1805 909 1849 vero
925 1793 1002 1869 post
1015 1793 1147 1868 tempus
1161 1781 1202 1859 is,

154 1890 211 1978 qui
225 1893 377 1961 naturalis
392 1894 422 1956 ci
436 1894 543 1959 fuerat
564 1906 667 1980 pater,
690 1895 850 1981 requirere
864 1914 1015 1980 puerum,
1028 1903 1063 1956 et
1078 1889 1200 1956 invenit

159 2021 235 2069 eum
250 2002 337 2087 apud
351 2003 455 2082 illum,
470 2004 527 2090 qui
543 2004 708 2070 nutrierat.
753 2003 845 2070 Quid
860 2003 959 2068 faciat
971 2000 1024 2067 hic
1038 2021 1132 2088 puer,
1147 2021 1203 2086 pa·

158 2121 209 2177 tre
222 2110 378 2196 cognito?
403 2111 444 2175 de
455 2111 546 2197 justo
561 2113 646 2177 enim
660 2134 762 2199 puero
776 2112 857 2176 mihi
870 2133 975 2177 sermo
986 2121 1048 2177 est.
1081 2111 1204 2179 Nonne

155 2221 267 2285 multis
283 2219 377 2298 donis
392 2232 561 2286 munerato
576 2243 629 2301 eo,
647 2225 703 2308 qui
722 2244 756 2288 se
769 2221 970 2299 educaverat,
984 2217 1130 2306 sequitur
1144 2238 1203 2282 na·

160 2330 297 2404 turelem
319 2328 470 2418 bputrem
492 2353 551 2416 pro
572 2343 724 2416 respectu
735 2330 942 2397 hereditatis?
971 2326 1139 2393 .Itamihi
1152 2325 1201 2390 in-

161 2438 378 2525 telligendum
387 2453 447 2521 cst,
459 2441 668 2526 magnificum
682 2441 746 2505 Dei
760 2438 920 2504 famulum
935 2436 1078 2523 Moysen
1092 2434 1203 2499 cinre·

160 2547 246 2613 nisse
260 2548 418 2636 populum
440 2548 595 2614 afflictum
615 2550 657 2614 ab
672 2548 853 2634 AEgyptiis,
879 2567 976 2633 quem
999 2554 1202 2629 assumptum

84 2713 88 2720 .
160 2656 322 2722 nutriebat
336 2658 369 2721 in
382 2657 508 2724 deserto
524 2658 702 2745 dtunquam
719 2671 821 2743 pater,
836 2656 977 2721 docebat
990 2666 1026 2718 ut
1037 2653 1203 2739 magister,

159 2766 295 2852 regebat
314 2778 353 2832 ut
372 2781 489 2832 rector.
535 2768 742 2834 Conservavit
763 2768 934 2854 populum,
958 2785 1129 2852 usquequo
1150 2785 1204 2830 ve·

164 2946 167 2951 .
194 2962 203 2988 ¹
221 2957 304 3005 Codex
315 2958 450 3017 Bobiensis,
462 2959 607 3007 debonestare.

196 3049 205 3072 ⁸
222 3039 304 3086 Codex
316 3039 463 3097 easinensis,
479 3050 569 3102 oportet,
584 3052 605 3087 et
616 3042 774 3106 paedagogum‚
784 3053 873 3104 propter
885 3043 943 3108 quod
951 3059 986 3090 ore
1001 3042 1046 3104 ejus
1060 3057 1104 3088 nort
1114 3039 1206 3102 indigit.

161 3121 191 3168 Et
203 3119 276 3181 paulo
287 3129 349 3181 post,
361 3131 428 3185 atque
435 3121 573 3182 plauditorio
579 3132 706 3185 properare.
732 3125 779 3172 Sed
788 3140 833 3172 nos
842 3125 966 3172 Bobiensis
975 3125 1062 3172 codicis
1073 3120 1205 3171 lectionem

164 3201 339 3262 expressimus.

194 3282 202 3313 t
221 3283 357 3340 Bobiensis,
372 3283 403 3328 Ut
414 3300 507 3330 rursum.

195 3367 208 3395 ¹¹
225 3364 372 3422 casinensis,
383 3364 507 3411 debitorem.
535 3366 614 3422 Forte,
626 3374 647 3411 et
656 3365 755 3428 beneficii
764 3384 786 3413 se
797 3367 913 3414 debitorem
916 3367 1018 3430 fatetur.

195 3446 209 3475 ¹
226 3444 360 3502 Bobiensis,
372 3443 519 3492 adhibeamus.

196 3529 209 3567 Υ
227 3526 296 3573 idem
308 3527 395 3582 codex,
407 3524 502 3586 colligit,
514 3534 535 3569 et
546 3524 631 3571 nutrire
641 3525 704 3587 apud
713 3543 734 3571 re
745 3526 835 3589 quaerit.

195 3610 209 3636 ²
226 3605 295 3652 idern
306 3606 391 3661 codex,
406 3605 444 3668 qui
454 3604 531 3650 venire
543 3604 609 3650 solent
620 3605 741 3652 nutricibus
750 3605 840 3653 labores.

194 3697 207 3720 ⁸
223 3687 292 3733 idem
303 3680 388 3744 codex,
399 3684 489 3732 Accidit
499 3702 553 3732 vero
559 3694 610 3746 post
620 3696 713 3748 tempus,
723 3696 748 3732 ut
758 3687 776 3732 ir
787 3687 826 3750 qui
840 3684 869 3734 ἔθ’
869 3704 889 3735 c.
899 3687 1020 3751 requireret
1026 3696 1133 3748 puerum,
1142 3696 1166 3734 et
1173 3686 1208 3734 in·

165 3767 255 3823 veniret
265 3784 321 3813 eum.
648 3783 649 3786 ’

196 3843 210 3885 δ
227 3848 310 3907 Codex
321 3848 455 3905 Bobiensis,
462 3856 550 3914 patrem
557 3856 681 3910 prospectu.
714 3849 745 3896 Et
757 3863 826 3906 mox,
839 3848 894 3894 mibi
905 3847 1005 3910 intellige
1016 3847 1169 3911 magm'fieuere.

199 3937 211 3964 ⁶
228 3932 295 3980 Male
306 3931 452 3988 casinensis,
464 3930 557 3976 venisse.

197 4012 211 4048 ‘¹
228 4013 352 4061 Bobiensis
363 4012 447 4068 habet,
460 4020 564 4074 tanquam
572 4019 640 4071 pater
651 4010 764 4057 educabat.
801 4011 833 4056 Ut
841 4009 947 4071 magister
958 4008 1048 4072 regebat
1059 4019 1082 4054 et
1092 4023 1211 4055 conserva·

164 4095 204 4153 bat
210 4093 316 4156 poputum
329 4088 358 4141 df
359 4109 379 4143 c.
408 4091 499 4139 Etcum
509 4100 557 4153 port
567 4090 708 4155 aliquantum
727 4100 810 4153 ternpus
826 4090 944 4138 adveniens
956 4099 1025 4153 pater
1035 4089 1142 4152 proprias
1159 4106 1210 4138 oves

165 4174 254 4236 recepit.
