2684 4740
497 308 831 378 recurrens.
1001 329 1006 333 -
1124 324 1182 389 141

140 488 281 572 positam
295 483 442 563 incidens,
455 506 516 548 aori
528 481 676 547 minorem
692 476 896 567 ignominiam
911 474 1055 562 pertulit.
1101 474 1187 562 Quia

143 573 258 657 etipse
270 569 443 636 Archelaus
457 569 621 632 Manetem
642 565 720 630 illac
739 562 896 628 advenisse
913 570 1187 660 cognoscens‚.erat

146 657 229 722 enim
249 656 300 721 vir
320 677 401 733 acer,
416 664 447 718 et
467 652 597 738 pietatis
614 651 681 716 zeto
703 669 872 726 sacremus,
888 647 1027 745 adtrdem
1042 645 1188 731 oppidum

148 741 286 817 accessit,
302 750 333 804 et
346 740 535 823 deceptorem
547 735 640 800 illam
658 735 700 800 ad
719 732 839 797 consilii
859 732 996 816 inoptam
1017 731 1189 808 redactam,

149 837 177 891 et
199 825 388 912 confusione,
426 845 499 887 aam
521 821 658 886 maxime
676 818 809 897 vitabat,
826 818 1000 903 perfusam,
1017 816 1130 880 iterum
1150 814 1190 912 iio

150 909 332 990 rationibus,
346 846 456 996 qaiias
479 929 571 971 exosa
591 909 657 990 ejus
680 906 830 992 dogmata
851 901 1010 977 subvertit,
1025 912 1055 966 et
1072 911 1190 965 cunctos

151 995 330 1076 deridenda,
345 1006 440 1080 atque
453 991 635 1058 detestanda
646 989 818 1076 proposuit,
831 987 954 1075 sagam
969 987 1107 1070 arripere
1121 997 1188 1050 cot·

156 1210 289 1294 [Auctor
301 1209 486 1296 Anonymas
507 1206 608 1272 t'tettz·
628 1206 776 1294 Synodici
790 1228 820 1270 c.
833 1205 938 1271 xxviii.
953 1204 1019 1291 qai,
1033 1203 1112 1270 sicut
1128 1214 1190 1270 tes·

238 1294 280 1359 tis
294 1295 436 1380 proxime
449 1305 522 1380 past
538 1293 699 1372 adductas,
716 1315 735 1357 a
750 1290 895 1356 Fabricio
911 1290 1035 1355 additus
1048 1301 1105 1355 est.

194 1412 312 1487 Σῦυοδος
325 1417 390 1477 beia
403 1413 451 1475 riori
466 1416 524 1496 tept
537 1415 634 1498 μερικῆ
649 1413 874 1496 συναθροιθεῖσα
888 1413 961 1496 ivri
982 1409 1194 1495 Μεσοποταμίᾳ

153 1498 203 1563 riri
223 1497 386 1584 Ἀρχελάου
410 1496 557 1560 ἐπισκόπου
580 1496 744 1583 Καρχάρυυ
766 1497 813 1558 καὶ
836 1494 972 1582 Διοδώρου
994 1494 1093 1580 ἱερέως,
1115 1498 1193 1558 κατὰ

154 1583 297 1657 Μᾶοευπος
310 1589 359 1647 τοῦ
378 1579 519 1668 ἓρεὸὦδους
539 1583 587 1645 καὶ
602 1581 782 1666 Διοδωροάὲου
802 1577 1003 1677 ωροοὸυτὲςου,
1019 1582 1076 1658 ἥτις
1096 1594 1194 1644 arota-

153 1668 260 1754 τρόπους
279 1666 369 1742 riter
390 1668 536 1753 ὲλέγξοισα
559 1666 722 1753 ἀπεκήρυξε.
757 1665 899 1761 Spmodtts
921 1664 1029 1728 divina
1051 1673 1081 1727 et
1103 1685 1194 1728 sacra

151 1751 358 1837 particularis
375 1751 504 1816 collecta
524 1751 557 1816 ire
575 1752 805 1834 Mesopotamia
827 1747 865 1813 ab
881 1748 1034 1815 Archelao
1057 1747 1194 1813 Careia-

154 1859 260 1901 rorum
274 1837 414 1922 episcopo
427 1849 458 1901 et
470 1836 606 1900 Diodoro
622 1836 776 1900 sacerdote
790 1845 896 1901 contro
907 1836 1039 1898 Manem
1053 1831 1195 1920 inferna·

155 1920 216 1986 iem
228 1932 261 1987 et
274 1921 497 1987 Diodoriadem
509 1920 735 2008 presbyterum,
751 1941 825 2006 qaae
842 1918 951 1984 maltis
970 1917 1068 1983 modis
1087 1917 1195 2007 coafu÷

157 2017 238 2073 tutos
253 2005 341 2071 iosce
354 2007 521 2072 abdicavit.

241 2138 387 2204 Historia
400 2139 563 2204 Haereseos
578 2138 840 2290 ΙΊᾉοοίοΙιιοοπυοο,
856 2161 872 2202 e
889 2136 997 2203 Codice
1013 2136 1109 2226 Regio

609 2245 777 2289 aarmerrsr.

198 2340 412 2440 ²8eyrt2'ooos
426 2341 557 2428 quidam
574 2341 636 2407 fuit
649 2363 688 2406 ex
702 2362 820 2427 genere
835 2343 1115 2423 Saracenorum‚a
1131 2364 1198 2430 quo

158 2424 288 2491 hoeresrs
311 2428 571 2492 Manicbaeorum
592 2441 663 2491 orta
681 2440 740 2506 est,
757 2427 814 2514 qui
833 2427 982 2492 adversus
1001 2448 1108 2493 reram
1128 2449 1198 2493 rec·

158 2523 291 2598 tamque
313 2511 408 2576 fidem
429 2527 569 2598 quatuor
589 2512 689 2577 libros
711 2511 911 2596 conscripsit,
933 2535 1071 2598 quorum
1094 2535 1210 2579 unum.

158 2597 283 2661 vocavit
301 2597 495 2683 mysterium,
516 2598 694 2663 secundum
714 2597 933 2680 capitulorum,
952 2597 1083 2661 tertium
1105 2611 1201 2663 coart-

157 2679 288 2766 geliam,
301 2696 451 2768 quartum
465 2704 539 2747 vero
557 2681 748 2746 Thesanram
760 2681 941 2830 appellavit,
954 2695 987 2745 et
1001 2680 1116 2748 habuit
1130 2680 1198 2747 dis-

790 2789 800 2829 ι

160 2765 305 2852 cipulum
328 2767 456 2831 nomine
477 2767 668 2847 Teretiatas,
689 2767 746 2853 qui
802 2765 955 2852 scipulus‚
974 2778 1105 2832 mortuo
1120 2767 1199 2856 Scy-

161 2848 278 2929 tttiarto,
303 2849 458 2927 bsumens
482 2864 677 2916 memoratos
702 2862 840 2937 quatuor
863 2850 977 2931 libros,
997 2873 1057 2916 nec
1078 2874 1143 2917 non
1160 2864 1200 2918 ‘et

160 2935 331 3021 pecuniam
357 2958 420 2999 non
444 2957 586 3023 parvam,
610 2936 763 3022 quoniam
788 2936 873 3000 efuit
896 2936 1083 3023 Scythiaaus
1107 2939 1201 3003 valde

160 3019 338 3084 ditissimus
356 3034 435 3085 erat.
480 3023 582 3106 Ergo,
605 3035 643 3084 ut
662 3020 926 3101 memorabimus,
943 3021 1122 3087 Teroiiatots
1142 3023 1200 3088 de-

160 3104 247 3169 venit
272 3105 305 3168 in
330 3105 468 3186 Persida,
488 3119 523 3170 et
544 3129 564 3170 a
585 3105 724 3191 quadam
746 3105 841 3169 vidua
865 3106 1007 3180 solitaria
1030 3120 1200 3195 susceptus

160 3202 221 3268 est,
238 3212 312 3274 quae
334 3191 402 3254 sola
422 3203 545 3254 secreta
562 3190 631 3278 ejus
652 3191 732 3253 scire
752 3191 870 3274 potuit.
914 3192 981 3254 Hie
994 3190 1135 3256 elatione
1147 3206 1202 3258 tu·

161 3273 269 3338 midus
285 3273 413 3338 dicebat
427 3297 461 3338 se
476 3275 517 3338 de
532 3275 653 3360 virgine
667 3286 791 3353 natum,
805 3289 838 3338 et
852 3275 892 3338 ab
905 3275 1037 3360 Angelo
1058 3276 1090 3339 in
1106 3298 1201 3342 mon-

162 3359 252 3424 tibus
266 3360 454 3438 enutritum,
470 3360 526 3446 qui
541 3361 651 3439 etiam,
667 3373 794 3424 mutato
815 3359 876 3423 sibi
899 3361 1040 3440 nomine,
1055 3361 1203 3427 Baddam

162 3465 196 3508 se
209 3465 271 3542 pro
286 3441 445 3508 Teretioro
464 3446 645 3531 appellavit.
689 3445 753 3508 Sed
768 3465 843 3508 cum
858 3444 998 3530 quadam
1022 3445 1074 3509 die
1091 3445 1126 3510 in
1148 3468 1202 3512 so-

160 3527 243 3596 lano
258 3528 458 3609 ascenderet,
472 3531 514 3593 ab
534 3528 704 3594 immundo
724 3529 838 3615 spiritu
853 3529 966 3594 exinde
981 3529 1138 3617 dejectus,
1154 3554 1204 3597 re-

161 3624 261 3697 pente
280 3611 430 3698 spiritum
453 3615 601 3678 reddidit.
644 3616 729 3677 Tum
744 3614 849 3691 vidua,
865 3637 938 3700 quae
956 3637 1031 3679 eum
1052 3637 1202 3704 suscepe-

161 3710 224 3775 rat,
252 3718 312 3782 pro
336 3710 441 3761 morte
468 3699 539 3785 ejus
564 3698 709 3785 pecuniae
735 3698 911 3784 cupiditate
936 3701 1045 3784 gavisa
1067 3722 1204 3787 puerum

162 3779 226 3846 sibi
240 3802 300 3866 pro
314 3783 489 3847 senectutis
509 3783 626 3848 solatio
639 3783 655 3828 d
667 3782 874 3868 comparavit,
889 3785 1019 3848 nomine
1036 3785 1205 3868 Cariitias,

163 3887 265 3951 quem
276 3877 311 3929 et
323 3865 438 3930 litteris
452 3890 516 3931 non
531 3867 747 3932 mediocribus
759 3866 910 3948 erudivit3
949 3881 1001 3934 ost
1011 3870 1104 3957 cujus
1118 3894 1207 3936 mor·

163 3963 232 4015 tem
253 3971 319 4014 non
339 3951 446 4017 solum
466 3952 576 4032 libros,
597 3974 679 4038 quos
695 3890 1075 4040 Terebiatasrebquerat,
1094 3955 1150 4020 sed
1171 3967 1206 4021 et

199 4169 212 4198 ⁸
230 4164 408 4216 utstatim:
512 4168 523 4200 ¹⁹
541 4169 647 4220 sumebas.
750 4175 761 4201 ί
779 4168 884 4234 hocfuir
895 4170 1027 4220 delendum
1038 4170 1205 4222 essearbitror.

165 4230 408 4293 “Msmompambin
