2684 4740
268 307 542 397 concinunt
563 295 866 381 aasumensi:
887 312 915 377 1.
1073 304 1111 375 ar

62 475 142 547 bem
168 483 306 549 Romam
329 495 398 549 tam
424 484 616 550 Caecilianus
642 482 905 571 Carthaginensis
929 480 1112 569 episeopus,

61 604 182 657 contra
200 616 298 680 quem
319 595 368 659 vel
389 595 530 682 maxime
552 594 688 660 universi
707 615 793 679 saepe
814 615 866 657 me
886 605 1113 669 convenerant,

64 719 165 784 quam
182 700 280 780 etiam
296 701 402 788 aliqui·
414 724 455 767 ex
471 702 533 782 his,
548 702 605 789 qui
621 703 652 766 ei
669 700 819 788 quaedam
839 695 1022 786 objicienda
1040 714 1113 761 ote·

62 806 224 888 diderant,
241 810 445 896 praesentiam
460 811 511 877 sui
524 811 721 875 exhiberent.
766 811 854 873 Nam
875 807 972 872 etiam
994 804 1035 870 ad
1054 827 1112 871 su·

62 916 244 1002 predictam
261 920 374 984 urbem
390 934 537 987 nostram
557 922 695 984 Romam
712 919 872 1005 quosdam
887 919 1058 1004 episcopos
1072 936 1113 981 ex

63 1025 183 1091 Galliis
205 1029 251 1095 ire
273 1052 512 1117 praeceperam3
536 1043 572 1095 ut
597 1046 664 1095 tam
692 1030 725 1094 hi
746 1051 807 1115 pro
828 1028 1014 1114 integritate
1037 1024 1112 1090 vitae

61 1155 151 1215 suae,
172 1151 271 1224 atque
300 1139 454 1205 laudabili
481 1140 641 1218 instituto,
668 1138 726 1203 sed
752 1152 785 1221 et
812 1151 935 1226 septem
963 1133 1110 1224 ejusdcm

61 1246 316 1323 communionis,
330 1270 429 1334 quam
446 1249 545 1313 etiarn
561 1249 650 1313 urbis
667 1251 779 1313 Romae
795 1249 998 1335 ‘episcopua
1012 1261 1111 1336 atque

59 1351 110 1419 illi
125 1355 273 1441 quicum
287 1357 402 1422 iisdem
418 1372 664 1444 cognoscerent,
683 1372 815 1444 possent
829 1360 874 1423 rei
890 1382 963 1445 quae
980 1357 1111 1424 videba-

62 1476 117 1529 tur
129 1486 201 1529 esse
216 1481 395 1546 commota,
411 1468 506 1532 finem
521 1467 669 1532 debitum
685 1467 851 1532 adhibere.
875 1482 877 1486 ‘
894 1468 961 1555 Qui
977 1466 1109 1555 quidem

62 1592 100 1639 ea
113 1596 331 1662 quaecumque
350 1577 386 1641 in
406 1579 576 1664 praesentia
595 1594 708 1642 eorum
729 1576 861 1640 fuerunt
873 1589 978 1661 gesta,
992 1587 1110 1642 cuncta

61 1682 105 1747 ad
118 1682 287 1766 scientiam
303 1707 409 1750 nicam
424 1686 523 1751 etiam
544 1685 624 1750 actis
645 1683 763 1749 habitis
786 1685 965 1748 retulerunt
975 1707 986 1762 3
1009 1685 1108 1750 verbo

60 1791 194 1880 iusuper
213 1793 418 1872 affirmantes,
438 1794 528 1882 quod
544 1793 708 1883 judicium
731 1815 824 1859 suum
845 1814 904 1879 pro
925 1814 1033 1857 rerum
1055 1793 1108 1859 fu·

61 1901 140 1968 isset
165 1902 318 1991 aequitate
343 1905 600 1992 depromptum:
634 1925 755 1990 eosque
780 1903 889 1989 potius
912 1923 1020 1967 oausae
1046 1903 1107 1968 ob·

62 2012 177 2079 noxios
194 2035 264 2078 esse
284 2015 441 2094 dicentes,
455 2014 512 2102 qui
526 2028 637 2080 contra
653 2013 863 2079 Caecilianum
877 2013 1030 2101 quaedam
1044 2033 1107 2101 pu·

62 2136 211 2202 taverunt
224 2146 449 2191 commovere:
473 2125 555 2190 adeo
572 2137 610 2190 ut
623 2125 735 2190 sistud
748 2137 824 2212 post
833 2123 996 2211 judicium
1012 2123 1107 2191 habi·

59 2233 293 2299 tum-Africam
313 2235 401 2322 ipsos
421 2257 581 2300 remeasse
596 2233 838 2322 hperhiberene
883 2233 963 2299 lnde
976 2247 1109 2323 propter

58 2340 130 2409 luec
144 2344 257 2409 omnia
271 2347 431 2433 probabili
445 2370 551 2413 rerum
566 2348 780 2414 aestimatione
794 2370 1005 2434 speraveram,
1017 2349 1107 2436 quod
1201 2389 1205 2398 ·

58 2453 213 2519 omnibus
226 2456 360 2521 omnino
371 2456 585 2524 seditionibus
596 2472 630 2524 et
641 2458 914 2538 contentionibus,
928 2480 1002 2545 quae
1013 2460 1055 2524 ab
1066 2460 1106 2533 iis

58 2561 249 2631 homiuibus
261 2564 453 2633 videbantur
466 2569 575 2634 subito
593 2581 781 2648 commotae,
795 2568 866 2633 finis
879 2568 1009 2633 debitus
1024 2568 1106 2635 fuis·

56 2688 110 2741 set
127 2676 313 2764 impositus
357 2680 421 2745 Sed
438 2702 515 2746 cum
537 2679 721 2746 dictationis
740 2677 823 2764 [far.
839 2677 1021 2762 dicationis)
1040 2691 1105 2747 tuae

58 2783 179 2871 scripta
191 2785 357 2872 legissem,
366 2811 440 2876 quae
451 2788 495 2854 ad
507 2789 676 2855 Nicasium
691 2802 725 2854 et
740 2801 864 2881 ceteros
878 2810 975 2876 super
989 2789 1105 2855 iisdem

59 2893 320 2963 simulationibus
331 2898 473 2985 gravitas
486 2911 543 2964 tua
552 2897 715 2964 'mittenda
726 2896 924 2979 crediderat,
943 2896 1106 2966 evidenter

58 3001 186 3085 agnovi,
195 3003 285 3089 quod
298 3026 403 3092 neque
416 3022 597 3094 respectum
610 3008 723 3073 salutis
734 3030 812 3088 suae,
825 3030 942 3095 neque,
954 3008 1043 3096 quod
1055 3021 1106 3075 est

60 3111 173 3198 majus,
185 3114 252 3178 Dei
262 3115 493 3201 omnipotentis
505 3118 743 3181 venerationem
751 3131 826 3182 ante
836 3116 950 3182 oculos
962 3140 1038 3184 suos
1049 3140 1103 3184 ve-

61 3215 116 3284 lint
129 3241 260 3305 ponere.
289 3222 458 3309 Siquidem
472 3245 513 3287 ea
523 3245 622 3308 agere
632 3224 815 3309 persistant,
829 3247 902 3310 quae
920 3246 985 3289 non
1001 3225 1101 3291 modo

10 3400 14 3405 ,
64 3325 99 3388 ad
116 3326 264 3413 ipsorum
285 3330 426 3398 dedecus
450 3331 683 3419 infamiamque
705 3333 895 3417 pertineant,
920 3330 976 3395 sed
1001 3332 1100 3398 etiam

67 3431 106 3500 his
126 3439 313 3506 hominibus
334 3440 525 3507 detrahendi
544 3438 623 3507 dent
638 3441 853 3521 ifacultatem,
867 3442 924 3529 qui
945 3444 1043 3530 longe
1057 3445 1101 3511 ab

69 3540 242 3634 hujusmodi
259 3552 461 3616 sanctissima
474 3553 675 3617 observantia
692 3575 803 3617 sensus
825 3575 901 3618 suos
922 3539 1100 3622 noscuntur

67 3668 221 3731 avertere„
248 3662 337 3724 Nam
355 3661 390 3725 id
408 3683 541 3749 quoque
561 3676 594 3726 te
614 3662 695 3726 seire
712 3663 872 3742 convenit,
887 3666 976 3751 quod
990 3688 1029 3731 ex
1043 3667 1100 3733 iis-

64 3756 130 3831 dem
143 3783 311 3847 venerunt,
327 3785 504 3835 asserentes
519 3771 609 3858 quod
629 3773 736 3837 minus
756 3773 875 3858 dignus
890 3775 976 3841 idem
993 3779 1097 3844 Caeci-

56 3864 155 3944 lianus
168 3881 263 3945 cultu
275 3880 293 3926 ¹¹
303 3880 513 3946 sanctissimae
530 3881 695 3967 religionis
716 3881 882 3948 habeatur.
926 3887 973 3951 Et·
984 3900 1097 3953 contra

77 4058 92 4090 f
105 4069 138 4116 al.
148 4073 264 4134 episcopi.
329 4073 385 4121 tal.
397 4076 482 4123 istum.
547 4073 560 4111 ¹¹
571 4073 603 4123 al.
614 4075 776 4137 prohiberent.
790 4075 816 4140 (t
828 4077 991 4139 prohiberem,
999 4076 1033 4123 ed.
1045 4079 1095 4126 Du-

36 4135 114 4206 pf”·)
162 4152 183 4210 ,ἰ
193 4152 225 4201 al.
236 4154 388 4204 facilitatem.
406 4156 464 4205 Vade
474 4155 597 4219 Augustini
607 4157 708 4221 epistolas
721 4168 759 4208 68.
772 4167 827 4209 162.
841 4167 897 4210 165.
908 4171 930 4208 et
940 4160 982 4208 lib.
992 4162 1007 4208 i.
1020 4152 1094 4210 contra

37 4210 407 4299 Episeaaeramnmr,cap.
420 4247 443 4286 a.
508 4236 850 4299 reincenssirnae,alrerMS.
1098 4224 1101 4229 ’

89 4323 184 4377 vot.
201 4334 254 4381 tv..
311 4361 313 4367 ν
552 4400 554 4404 ¹
572 4337 596 4381 G
