2684 4740
244 350 305 400 ω
336 331 652 402 incursurus
674 334 880 402 mansus
902 308 1192 406 nrssumrro.

244 505 441 584 restiterunt,
460 520 493 570 et
513 507 627 593 aliquis
646 506 775 592 quidem
798 506 839 570 de
860 508 953 587 caelo,
975 503 1151 595 ⁶t'anquam
1171 506 1286 592 fulgur

244 612 340 698 ignis,
355 615 472 679 cecidit
494 638 590 701 super
610 629 740 693 terram,
757 615 812 680 'alii
829 616 961 680 vero'in
980 617 1132 682 felicitate
1152 615 1284 680 rhorni-

245 742 323 784 num
340 722 464 786 filiabus
479 721 623 800 admixti,
642 745 662 786 a
679 722 818 787 dracone
834 722 953 803 afflicti,
973 723 1064 809 ignis
1079 723 1190 788 aeterni
1211 745 1285 807 poe·

245 851 320 893 nam
337 831 498 916 suscipere
514 845 712 907 meruerunt,
744 832 817 895 'llle
832 832 932 917 igitur
946 833 978 896 in
994 845 1110 897 terram
1131 830 1286 896 decidens

246 960 306 1004 nec
321 941 405 1004 ultra
420 942 490 1005 caeli
508 942 693 1026 regionibus
708 941 888 1020 admissus,
898 942 981 1007 inter
998 941 1144 1007 homines
1158 940 1286 1006 voluta-

243 1060 309 1127 tur,
333 1049 496 1136 decipiens
520 1073 588 1129 eos,
617 1065 714 1138 atque
742 1051 936 1136 persuadens
962 1052 1026 1116 'sibi
1054 1049 1285 1116 similes'effici

245 1170 508 1243 transgressores,
537 1173 569 1223 et
595 1159 756 1247 usquein
785 1161 976 1225 hodiernum
1008 1159 1205 1227 adiersarius
1235 1170 1287 1222 est

242 1266 403 1331 mandatis
427 1269 503 1332 Dei.
548 1269 613 1332 Sed
636 1292 700 1332 non
723 1290 837 1333 omnes
860 1270 986 1355 lapsum
1011 1270 1111 1335 ruinae
1133 1267 1207 1354 ejus
1221 1272 1283 1330 'se-

249 1389 401 1462 quentur,
422 1390 482 1462 pro
502 1388 543 1441 eo
562 1378 651 1464 quod
668 1377 842 1465 unicuique
860 1377 990 1443 libertas
1011 1376 1133 1442 arbitrii
1150 1382 1223 1454 ’θείς
1247 1397 1288 1439 ex

245 1485 309 1552 boc
324 1487 409 1549 enim
429 1498 468 1551 et'
479 1487 658 1573 appellatus
678 1501 727 1552 est
746 1488 918 1566 Diabolus,
941 1492 981 1552 eo
1002 1486 1091 1574 quod
1112 1485 1286 1552 transitum

244 1594 358 1659 fecerit
371 1595 411 1659 de
429 1595 626 1674 caelestilius,
648 1609 680 1660 et
700 1595 789 1683 qu'od
810 1595 957 1660 interris
978 1595 1131 1681 mandato
1142 1594 1288 1659 Dei‘ob-

245 1715 399 1769 trectator
412 1704 573 1769 existeret.
618 1703 706 1791 Quia
722 1709 829 1768 autem
845 1705 937 1769 Deus
952 1706 1005 1783 sit,
1017 1705 1071 1792 qui
1086 1703 1286 1790 priusman-

245 1811 358 1877 datum
375 1813 475 1890 dedit,
491 1813 560 1898 ipse
572 1813 735 1877 Dominus
749 1813 844 1877 Jesus
856 1813 902 1877 ait
916 1813 957 1878 ad
972 1813 1190 1892 Diabolum‘,.⁷
1201 1797 1288 1880 Vade

242 1931 313 2004 post
329 1943 377 1984 me
393 1922 525 1986 Sorano.
571 1924 613 1986 Et
627 1923 694 1985 sins
708 1921 809 1985 dubio
824 1923 869 1987 ir'e
884 1937 959 2008 post
975 1923 1097 2001 Deum,
1117 1921 1200 1990 servi
1222 1935 1285 1986 est.

245 2031 287 2092 Et
301 2029 418 2095 iterum
433 2031 523 2117 quod
538 2032 582 2095 ait
597 2025 638 2095 ad
654 2053 740 2111 eum,
755 2031 926 2095 Dominum
942 2032 1046 2096 Deum
1066 2042 1155 2095 tuom
1168 2030 1288 2095 odoru-

245 2137 302 2215 lis,
327 2149 364 2202 et
383 2140 444 2224 ipsi
466 2140 526 2204 soli
550 2141 671 2205 servies.
693 2169 696 2173 ’
715 2140 879 2228 Quoniam
909 2163 989 2227 ergo
1016 2139 1288 2224 obtemperabant

245 2247 376 2332 quidam
398 2249 567 2313 hominum
589 2249 806 2315 voluntatibus
822 2249 934 2335 ipsius,
948 2248 1156 2313 audierunt³s
1169 2246 1286 2311 Salva·

244 2370 326 2434 tore,
341 2355 418 2421 ⁸Vos
431 2381 470 2421 ex
480 2368 573 2442 patre
591 2356 722 2421 Diabolo
742 2357 826 2436 estis,
843 2368 872 2421 et
891 2355 1043 2421 desideria
1058 2353 1163 2448 putris
1185 2354 1288 2419 vestri

236 2465 348 2550 fucere
361 2466 469 2531 vultis.
514 2468 677 2553 Denique,
693 2466 903 2535 cum'facia'nt
918 2465 1097 2529 voluntates
1111 2450 1205 2551 ejus,
1226 2485 1286 2528 eu·

245 2572 350 2652 diunt,
366 2579 378 2613 ⁹
395 2575 558 2638 Generutio
573 2575 762 2660 viperarum,
777 2574 846 2660 quis
861 2573 945 2638 vobis
960 2572 1093 2636 ostendit
1102 2571 1228 2658 fugere
1242 2571 1282 2636 cl

246 2683 294 2747 ira
322 2688 482 2748 ventura?
520 2685 628 2749 Facite
652 2707 723 2770 ergo
741 2682 890 2768 fructum
915 2681 1046 2768 dignum
1070 2679 1284 2765 poeniimtioe.

245 2791 374 2856 Ex.hoc
389 2814 468 2877 ergo
488 2793 615 2877 pervide
638 2792 824 2879 quantavis
846 2792 887 2856 sit
909 2790 1074 2855 hominem
1097 2788 1193 2854 liberi
1215 2809 1287 2853 esse

246 2898 379 2965 arbitrii.
411 2901 509 2964 Dicat
523 2914 632 2964 tamen
647 2902 743 2964 etiam
754 2892 840 2986 ipse,
855 2901 883 2965 si
898 2915 947 2964 est
961 2899 1123 2988 judicium
1140 2899 1286 2986 piorum,

247 3019 280 3072 et
294 3007 481 3096 impiorum.
526 3011 665 3089 Mauris
687 3030 813 3090 urxrr,
834 3014 894 3074 Est
908 3009 1080 3099 judicium.
1125 3010 1285 3074 Ancus-

278 3236 288 3262 ¹
306 3233 343 3279 En
354 3231 413 3280 alter
421 3233 534 3281 Archelai
546 3233 624 3290 locus,v
636 3248 667 3281 ex
678 3249 728 3295 quo
739 3235 762 3281 id
773 3234 839 3294 quod
850 3234 875 3280 in
886 3233 1028 3294 praecedenti
1039 3232 1117 3293 capite
1127 3233 1157 3279 de
1170 3231 1287 3280 Hebraeo·

248 3328 305 3362 rum
318 3315 477 3375 opinionibus
488 3330 502 3362 a
513 3316 641 3376 primitivae
656 3314 770 3362 Ecclesiae
787 3315 895 3362 Patribus
911 3315 1034 3361 interdurn
1050 3313 1210 3374 propugnatio
1225 3312 1287 3359 dixi·

248 3409 314 3452 mus,
328 3404 407 3456 aperte
418 3395 585 3443 confirmatur.
612 3396 684 3442 Quod
695 3395 761 3442 enim
774 3394 815 3441 hic
825 3395 855 3440 de
866 3393 965 3454 Angelis
976 3407 1036 3440 curn
1047 3393 1155 3440 foeminis
1166 3405 1288 3441 concum-

247 3476 370 3532 bentibus,
384 3476 453 3522 tradit
463 3476 606 3534 Archelaus,
615 3476 669 3536 jam
681 3489 759 3535 usque
770 3489 785 3522 a
795 3474 902 3522 Philonis
915 3473 1022 3531 Hebraei,
1038 3483 1062 3520 et
1077 3473 1178 3533 Josephi
1193 3482 1287 3534 tempo·

247 3556 313 3603 ribus
329 3556 472 3604 Judaeorurn
488 3557 571 3617 opinio
587 3565 632 3613 est,
649 3570 725 3616 quam
742 3554 815 3602 etiarn
832 3564 968 3615 sequuntur
977 3552 1154 3610 Tertullianus,
1164 3552 1286 3608 tustinus,

247 3637 361 3685 Clemens
376 3636 566 3694 Alexandrinus,
581 3638 756 3697 Athenagoras,
774 3635 925 3692 Methodius‚
937 3634 1081 3694 Cyprianus,
1091 3633 1244 3690 lactantius,
1259 3643 1287 3680 nt

246 3719 294 3774 late
307 3718 390 3778 probat
402 3717 522 3767 Pamelius
538 3720 562 3766 in
573 3716 716 3766 Tertulliani
732 3717 856 3764 Paradoxo
869 3726 890 3762 1⁴
906 3725 931 3762 et
947 3714 1118 3762 Feuarrlentius
1135 3713 1160 3760 in
1176 3714 1241 3760 notis
1257 3715 1289 3760 ed

232 3861 234 3865 Α
246 3799 369 3847 Irenaeum
380 3796 489 3856 ejusdem
498 3797 619 3859 opinionis
630 3795 746 3844 asseclam
757 3795 799 3842 lib.
809 3795 840 3842 iv.
852 3808 906 3854 cap.
917 3806 956 3849 70.
984 3794 1081 3841 Horum
1091 3802 1177 3840 tamen
1187 3792 1286 3840 Parrum

248 3878 363 3934 nonnulli
380 3879 457 3926 bonos
468 3894 482 3926 a
493 3879 564 3928 malis
575 3877 674 3939 Angelis
689 3879 809 3938 deceptos,
821 3875 935 3923 nonnulli
953 3874 1031 3922 malos
1041 3872 1149 3934 Angelos
1165 3887 1227 3920 curn
1243 3874 1287 3920 ho-

248 3967 347 4012 minum
358 3961 455 4009 filiabus
465 3965 612 4018 commixtos
624 3962 698 4009 tuisse
712 3960 846 4016 credidere;
864 3959 905 4006 sed
922 3966 1041 4019 utrunque
1057 3956 1201 4017 opinionem
1218 3969 1286 4003 eorn-

248 4034 320 4096 muni
329 4041 424 4090 calculo
434 4041 547 4100 rejiciunt
557 4041 598 4088 alil
608 4040 697 4098 Patres,
706 4050 730 4088 et
741 4040 883 4087 recentiores
893 4052 980 4085 omnes
991 4051 1064 4084 sacrae
1072 4036 1286 4098 Scripturaeinter·

247 4133 333 4189 pretes,
344 4136 451 4184 quotum
461 4121 599 4183 catalogum
611 4129 700 4179 texere,
711 4134 771 4168 curn
783 4133 818 4166 res
829 4117 995 4178 vulgatissima
1004 4117 1043 4174 sit,
1054 4116 1269 4178 praetemrittimus.

307 4235 482 4287 ⁶Luc.x.1s.
547 4236 728 4285 ⁷Mat.iv.1o.
791 4225 993 4281 'loanviihra
1058 4230 1231 4284 ⁹Msr.iii.7.
