2684 4740
325 310 564 382 Apotooln
585 310 670 381 PRO
692 310 909 382 ORlGENE.
970 382 973 389 ,
1060 327 1121 401 297

17 478 20 483 ’
98 481 283 566 manserit,
297 485 396 551 nevel
410 486 506 552 laude
519 483 634 550 cedant
643 483 813 573 magistro,
824 484 874 550 vel
884 482 989 572 culpa
995 481 1131 572 judicio,

13 578 17 587 ’
97 592 238 664 alienum
259 616 330 660 esse
344 596 520 682 Origenem
539 593 695 660 continuo
718 606 946 682 protestantur,
969 593 1050 658 nibil
1072 590 1133 658 sibi

96 724 175 770 cum
186 704 287 791 ipsius
301 705 448 770 doctrina
461 727 634 770 commune
645 726 713 769 esse
724 704 925 769 confirmant.
948 701 1132 768 Anathema

99 834 232 900 quoque
246 813 351 878 dicere
364 836 439 880 eum
455 837 519 879 non
534 813 683 880 dubitant
697 814 857 900 improbe,
872 825 905 878 et
924 813 1039 878 inferre
1048 866 1052 872 .
1062 833 1133 879 me·

96 922 218 988 ledicta
239 946 303 988 non
324 936 480 1010 parcunt,
505 944 544 989 ne
561 924 653 988 illum
669 923 799 1010 quidem
816 923 1052 1008 Apostolicum·
1065 943 1133 987 ser·

99 1054 232 1098 monem
258 1023 411 1114 verentes,
434 1033 527 1121 kquo
556 1031 714 1120 designat,
738 1034 814 1119 quia
839 1031 982 1098 maledici
1004 1051 1134 1120 regnunt

99 1142 167 1208 Dei
189 1165 251 1208 non
270 1143 478 1228 possidebunt.
523 1144 562 1208 In
581 1155 709 1209 tanturn
731 1155 838 1207 autem
862 1142 977 1207 borum
1000 1143 1041 1206 de
1062 1141 1134 1229 qui·

98 1251 163 1317 b'us
179 1273 274 1338 supra
284 1251 434 1341 diximus,
449 1273 617 1339 progressa
630 1253 752 1316 malitia
766 1266 826 1331 est,
840 1264 877 1316 ut
891 1251 1021 1338 quidam
1037 1250 1135 1317 etiam

86 1361 303 1432 ,conscribere
319 1361 469 1426 adversus
485 1382 560 1426 eum
582 1360 652 1426 ausi
671 1361 746 1439 sint,
770 1375 803 1425 et
824 1360 940 1425 libellis
962 1355 1056 1425 editis
1078 1359 1135 1424 de·

99 1490 219 1556 rogare
238 1473 268 1535 ei
282 1470 361 1550 viro,
381 1471 436 1557 qui
453 1491 510 1556 per
530 1482 582 1536 tot
601 1492 701 1536 annos
722 1471 1046 1557 magister-Ecclesiae
1062 1470 1135 1551 fuit,

78 1621 80 1623 ·
100 1580 203 1668 quiin
216 1581 359 1646 Ecclesia
372 1580 543 1647 Catholica
555 1581 678 1660 senuit3
701 1581 759 1668 qui
770 1580 920 1645 adversus
935 1602 988 1645 eas
1000 1580 1135 1646 haereset

100 1710 178 1778 quae
192 1690 248 1756 illo
264 1703 411 1778 tempore
425 1689 601 1755 Ecclesiam
621 1690 865 1776 impugnabant,
881 1691 926 1754 ita
940 1702 1135 1772 constanter,

100 1799 149 1863 ita
159 1798 286 1864 fortiter
299 1799 473 1879 dimicavit,
487 1810 523 1864 ut
538 1799 648 1864 omnia
658 1799 771 1864 eorum
787 1798 954 1864 diabolicae
968 1799 1135 1866 machina·

99 1906 200 1973 donis
219 1908 428 1974 fundamenta
447 1908 656 1988 subverterit5
682 1906 746 1974 non
774 1909 953 1974 studiorum
978 1910 1135 1994 laborem,
1239 1944 1241 1948 ·

102 2037 169 2082 non
183 2018 402 2098 continentiae,
424 2040 489 2083 non
507 2017 728 2098 institutionis,
751 2040 816 2084 non
837 2019 1039 2101 humilitatis,
1063 2044 1136 2109 quae

100 2122 199 2214 super
211 2140 344 2199 caeteras
357 2149 468 2193 omnes
483 2126 615 2193 virtutes
628 2126 699 2214 ejus
715 2128 887 2194 maximam
901 2131 1037 2217 gratiam
1056 2152 1136 2196 con·

100 2235 195 2317 tinet,
210 2259 274 2302 non
287 2235 367 2301 illud
382 2247 469 2300 certe
483 2235 721 2302 considerantes
741 2238 830 2325 quod
853 2239 1044 2326 Presbyterii
1062 2239 1134 2327 dig-

100 2342 204 2411 nitate
217 2345 251 2409 in
265 2345 410 2410 Ecclesia
424 2344 601 2411 honoratus
616 2357 677 2411 est.
720 2349 804 2434 Quae
818 2347 845 2411 si
859 2348 966 2413 omnia
983 2347 1024 2413 ad
1046 2371 1136 2416 revo-

99 2458 238 2525 candam
252 2459 409 2545 lingnam,
427 2458 770 2545 comprimendumque
791 2480 972 2523 sermonem
994 2459 1137 2526 sufficere

102 2589 168 2633 non
188 2580 336 2656 possunt,
354 2567 436 2633 illud
455 2567 569 2632 saltem
592 2566 801 2652 contemplari
823 2565 1010 2648 debuerant,
1033 2590 1136 2654 quan·

99 2690 169 2744 tam
191 2677 315 2743 ridendi
336 2677 504 2744 materiam
520 2675 716 2754 Gentilibus,
736 2687 954 2762 quantamque
978 2675 1137 2743 baereticis

100 2786 283 2874 praebeant3
305 2809 379 2853 cum
399 2808 559 2875 eosquos
582 2798 754 2852 assertores
775 2784 949 2850 Christiani
973 2785 1137 2873 dogmatis

100 2908 135 2963 et
148 2897 331 2963 defensores
351 2898 520 2984 putabant,
538 2895 697 2962 confutari
718 2917 803 2960 nunc
826 2894 962 2974 videant,
983 2910 1016 2961 et
1035 2895 1139 2964 refelli

98 3027 121 3072 a
134 3003 283 3096 propriis,
308 3021 343 3074 et
367 3009 454 3075 velut
480 3007 563 3073 civili
592 3007 679 3073 bello
707 3004 871 3092 gaudeant
898 3005 1137 3093 impugnatum,

100 3136 199 3204 quem
213 3115 276 3204 ipsi
290 3116 450 3185 hostiliter
465 3115 657 3204 impugnare
679 3138 743 3181 non
768 3127 928 3203 poterant.
972 3115 1137 3204 Quoniam
1193 3132 1197 3142 ·

84 3243 181 3312 ,ergo
205 3223 435 3312 quamplurimi
455 3244 495 3289 ex
515 3224 763 3312 simplicioribus
785 3226 965 3312 quibusque
987 3225 1138 3299 fratribus

95 3351 123 3397 a
136 3354 234 3420 supra
253 3313 348 3398 dictis
370 3333 541 3414 laeduntur,
563 3356 629 3399 non
654 3332 760 3398 solum
786 3332 827 3398 de
849 3332 900 3396 his
925 3333 980 3419 qui
1002 3333 1048 3413 de¹
1064 3335 1137 3422 ipso

101 3441 188 3508 male
201 3441 357 3542 sentiunt,
372 3442 430 3508 aed
444 3443 542 3509 etiam
555 3442 595 3508 de
609 3443 661 3507 his
675 3441 730 3529 qui
746 3441 854 3507 studio
873 3442 1015 3507 scientiae
1034 3456 1067 3508 ot
1085 3442 1137 3521 in·

100 3549 349 3640 telligendarum
360 3551 597 3638 Scripturarum
610 3551 693 3618 inter
706 3564 841 3618 caeteros
855 3537 955 3618 libros
973 3552 1071 3631 etiam
1084 3553 1137 3643 ip·

101 3659 168 3725 sius
180 3659 300 3747 scripta
313 3660 525 3746 conspiciunt,
538 3661 585 3726 ita
598 3674 636 3726 ut
649 3683 704 3726 vos
718 3683 847 3750 quoquo
866 3662 927 3748 ipsi
947 3664 980 3727 in
999 3663 1135 3732 dubium

92 3769 262 3851 ‘veneritiq
274 3792 314 3834 ne
329 3768 414 3834 forte
429 3768 477 3834 vel
490 3769 689 3837 multitudini
703 3769 752 3835 vel
764 3754 947 3847 auctoritati
958 3772 1136 3840 calumnia·

100 3889 211 3944 torum
225 3878 303 3958 fides
315 3878 433 3965 debeat
452 3876 597 3943 adhiberi
615 3877 657 3942 de
675 3876 726 3944 his
746 3901 821 3965 quae
842 3879 960 3966 passim
982 3882 1049 3947 sine
1068 3880 1137 3948 ullo

100 3983 261 4074 respectu'
276 3987 504 4059 diffamanturr
532 3985 636 4053 vuum
663 3986 757 4052 nobis
783 3998 844 4069 est,
868 3989 978 4077 primo
1005 3987 1136 4076 quidem

101 4094 444 4201 curareauspicionem
453 4104 616 4177 nestram
638 4092 735 4163 simul
749 4097 848 4167 etiam
863 4120 920 4187 per
933 4096 1136 4179 occasionem

514 4221 528 4276 Β
543 4233 554 4288 t
567 4221 623 4285 Gor.
634 4222 668 4284 ri.
679 4232 718 4286 to.
