2684 4740
248 313 309 397 258
344 307 581 378 Ascuam
604 306 660 376 nr
677 310 883 380 nunnus
906 311 1196 383 nrsrurnmo.

250 501 290 544 ne
309 494 429 546 ternere
450 480 705 567 pronuntiantes,
722 482 821 568 digna
838 460 1033 549 coercitione
1052 484 1216 550 feriamur.
1239 485 1285 553 Es

250 599 287 650 ut
302 601 334 650 te
349 589 453 673 magis
467 610 505 651 ac
520 589 622 674 magis
637 589 802 669 edoceam,
821 590 926 655 multo
944 591 1082 678 amplius
1100 591 1205 669 illum,
1226 589 1283 675 qui

252 691 293 756 de
309 707 410 758 matre
424 695 630 775 nuntiaverat,
654 696 870 800 honomtum:
892 712 1060 763 tuentem
1082 697 1203 763 oblitus
1226 697 1285 777 rci,

251 825 324 890 quae
340 806 431 870 nobis
446 809 611 893 proposita
625 822 684 885 est,
700 809 732 873 in
748 808 834 874 alind
850 832 1020 876 conversus
1033 833 1086 876 ese
1114 810 1190 877 audi
1203 831 1286 896 ergo

251 912 406 999 breviter3
436 915 569 978 sienim
594 915 730 980 volueris
755 916 940 1004 diligentius
963 919 1080 985 intueri
1103 940 1177 1006 quae
1197 919 1286 983 dicta

252 1035 338 1100 sunt,
355 1023 549 1087 inveniemus
566 1023 599 1086 in
618 1024 674 1088 illo
694 1026 800 1110 priore
822 1027 957 1093 multam
973 1027 1153 1092 Dominum
1169 1029 1285 1094 Jesum

251 1127 428 1195 ostendisse
441 1131 657 1210 clementiam,
673 1132 770 1220 idque
792 1135 1054 1200 convenientibus
1077 1149 1109 1198 te
1130 1133 1289 1220 exemplis

250 1236 415 1302 edoceam.
460 1241 528 1303 Rex
552 1239 695 1326 quidam,
719 1264 792 1306 cum
824 1243 975 1307 adversus
1001 1244 1126 1308 hostem
1154 1263 1286 1328 proces·

251 1348 345 1411 sisset
365 1361 517 1427 armatus,
537 1362 570 1413 et
592 1352 750 1435 cogitaret
765 1366 862 1438 atque
874 1351 1057 1438 disponeret
1073 1349 1289 1438 quemadmo-

251 1456 329 1521 dum
345 1469 454 1542 posset
469 1478 600 1520 manum
615 1457 676 1521 sibi
691 1457 842 1522 hostilem
862 1473 959 1545 atque
982 1459 1149 1522 barbaram
1171 1457 1286 1546 subju·

251 1587 340 1651 gare,
355 1586 494 1652 cumque
509 1565 541 1629 in
557 1565 659 1629 multa
675 1578 758 1630 esset
779 1587 867 1644 cura,
888 1581 921 1631 et
942 1564 1144 1631 solicitudine
1166 1565 1285 1630 consti·

250 1687 352 1755 tutus,
367 1674 398 1739 in
412 1674 520 1739 medio
536 1674 784 1739 adversariorum
799 1674 936 1759 positus,
949 1694 988 1738 ac
1001 1687 1113 1759 postea
1121 1671 1192 1759 jam
1207 1693 1283 1759 cap·

251 1783 332 1849 tivos
346 1805 403 1848 eos
418 1796 526 1848 tenere
543 1783 709 1868 incipiens,
728 1782 798 1868 jam
816 1782 887 1866 jam
909 1781 965 1846 illa
982 1778 1155 1846 solicitudo
1176 1778 1285 1846 immi·

251 1905 353 1971 neret,
375 1890 648 1978 quemadmodum
670 1911 738 1970 eos,
759 1891 815 1976 qui
838 1911 947 1955 secum
969 1888 1189 1954 laboraverant
1210 1900 1285 1951 msc

251 1999 377 2087 pondus
401 1999 479 2064 belli
504 1990 725 2076 toleraverant,
748 2007 946 2083 procuraret,
962 1995 1093 2082 quidam
1109 1995 1140 2059 ei
1154 1995 1285 2060 nuntius

251 2108 455 2196 importunus
469 2128 651 2186 occurrens,
666 2107 707 2170 de
720 2107 816 2171 rebus
831 2105 1017 2171 domesticis
1031 2125 1207 2191 suggerere
1227 2104 1284 2169 ali·

250 2239 315 2304 qna
328 2218 438 2303 coepit.
482 2217 530 2281 At
543 2216 597 2280 ille
609 2214 785 2280 admiratus
799 2228 848 2280 est
860 2212 1038 2292 audaciam,
1051 2225 1149 2299 atque
1162 2211 1289 2300 impor-

250 2339 361 2391 tunam
380 2327 635 2412 suggestionem,
656 2338 690 2389 et
711 2325 808 2389 morti
829 2323 954 2388 tradere
976 2321 1204 2408 hujuscemodi
1222 2321 1290 2387 uo.

226 2515 229 2519 y
250 2435 370 2499 minem
387 2436 574 2520 cogitabat3
597 2433 684 2521 quod
700 2434 760 2498 nisi
775 2434 816 2497 de
829 2432 1000 2498 carissimis
1022 2431 1190 2496 affectibus
1213 2431 1284 2496 talis

252 2544 382 2608 nunt-ius
395 2543 562 2620 extitisset,
578 2563 617 2606 eo
631 2540 720 2627 quod
734 2541 913 2606 incolumes
928 2561 997 2605 esse
1011 2540 1083 2620 hos,
1098 2551 1133 2604 et
1146 2551 1233 2606 recte
1247 2560 1291 2604 ac·

249 2672 401 2737 prospere
414 2664 544 2737 agentes
557 2651 667 2715 omnia
687 2650 875 2727 nuntiasset,
898 2649 1034 2734 dignum
1058 2649 1206 2735 protinus
1225 2669 1283 2735 po·

251 2760 314 2825 tuit
335 2760 497 2844 excepisse
519 2758 725 2845 supplicium.
769 2761 854 2845 Qua
871 2758 957 2821 enim
973 2771 1040 2822 erat
1054 2778 1132 2821 cura
1145 2755 1209 2821 alia
1222 2757 1283 2821 Re-

251 2867 314 2950 gis,
329 2866 404 2931 belli
419 2865 575 2931 duntaxat
589 2880 745 2951 tempore,
761 2866 822 2936 nisi
843 2865 1085 2932 Provincialium
1109 2865 1206 2942 salus,
1226 2860 1286 2928 nisi

254 2973 423 3058 dispositio
437 2974 484 3036 rei
498 2973 666 3036 militaris?
700 2976 750 3038 lta
765 2989 799 3040 et
812 2975 957 3039 Domino
972 2974 1047 3038 meo
1060 2975 1139 3038 Jesu
1155 2970 1287 3043 Christo

250 3080 409 3167 pugnanti
423 3079 589 3144 adversum
605 3082 781 3166 passiones,
796 3105 869 3169 quae
883 3082 1042 3169 profunda
1055 3083 1211 3149 viscerum
1227 3081 1287 3146 ob·

252 3192 410 3270 sederant,
425 3202 459 3255 et
473 3213 588 3255 curans
602 3211 659 3254 eos
679 3191 735 3276 qui
755 3192 860 3255 multo
877 3205 1023 3277 tempore
1043 3191 1134 3256 variis
1154 3186 1287 3254 infirmi·

252 3302 372 3367 tatibus
385 3300 513 3365 fuerant
527 3299 669 3378 divincti‚
683 3315 717 3364 et
732 3301 885 3365 inclinato
902 3301 991 3366 omni
1012 3302 1083 3365 nisu
1105 3321 1165 3387 pro
1185 3299 1287 3364 salute

251 3409 483 3486 universitatis3
505 3409 559 3472 ille
578 3409 708 3471 nuntius
731 3408 917 3493 importune
937 3409 1105 3471 adveniens
1126 3405 1219 3470 dem
1289 3433 1292 3436 ⁴

251 3531 284 3582 et
298 3519 449 3584 fratribus
464 3517 632 3582 nuntiavit.
676 3519 720 3581 Et
740 3518 847 3602 potuit
868 3517 998 3602 quidem
1021 3515 1158 3580 similem
1181 3516 1206 3579 P
1255 3537 1286 3593 0,

251 3646 307 3697 aut
326 3633 424 3696 etiam
444 3631 620 3716 graviorem
642 3632 802 3715 accepisse
821 3630 1034 3708 sententiam3
1058 3628 1113 3693 sed
1129 3629 1242 3694 matris
1256 3612 1291 3692 et

250 3745 382 3808 fratrum
399 3740 600 3806 intellectum
616 3761 734 3804 nomen
748 3739 954 3804 clementiam
970 3736 1165 3824 provocavit·

294 3851 418 3916 XLIX.
441 3849 506 3914 Sed
528 3849 720 3936 etamplius
742 3849 847 3913 adhuc
870 3845 1020 3912 omnibus
1043 3844 1213 3912 ostendere
1232 3865 1295 3910 cu-

284 4044 302 4067 ¹¹¹
318 4039 348 4084 ln
357 4039 439 4084 codice
450 4036 531 4084 Casin.
543 4054 569 4082 ac
578 4037 660 4098 pondus
670 4034 745 4084 bellico
755 4034 884 4083 tolerarent.
898 4085 901 4091 ,
917 4035 968 4082 Nos
986 4033 1181 4090 emendavimus,
1199 4039 1291 4092 sepeu-

252 4121 290 4168 dru
302 4117 353 4164 belli
365 4114 522 4162 toleraverant.
556 4119 661 4166 Fortasse
672 4128 755 4166 tamen
767 4117 831 4165 rudis
843 4117 957 4177 interpres
967 4116 1101 4177 scripserat,
1109 4112 1227 4176 sapandus
1237 4104 1289 4158 mli

253 4197 448 4249 acataleraverant.
481 4195 557 4258 (Inita
568 4199 710 4258 ponendum
720 4207 756 4246 est
766 4195 854 4243 curanti
864 4211 908 4258 pro
917 4193 1014 4253 curans.)
