2684 4740
322 651 519 738 GESTA
547 651 713 737 APUD
742 648 1168 756 ZENOPHILUM,

238 845 391 914 QUtBUS
413 853 652 920 SYLVANUM,
670 853 698 910 A
718 802 806 915 0116
825 852 1067 912 MAJORINUS
1087 852 1164 914 EST
1185 848 1269 929 GR·-

309 971 504 1042 DlNATUS,
525 970 804 1032 TRADITOREM
823 974 965 1034 FUlSSE
985 973 1185 1035 coNsuA'r.

232 1140 380 1228 Corffecto
394 1163 473 1207 anno
487 1157 557 1207 320.
583 1142 644 1208 Sed
654 1164 727 1229 quoe
740 1143 895 1208 continent
909 1151 939 1208 et
954 1164 991 1208 ea
1005 1163 1078 1230 quoe
1090 1152 1183 1230 gestu
1196 1151 1267 1231 sunt

600 1274 680 1316 unno
693 1265 762 1316 303.
780 1263 812 1316 et
824 1263 894 1316 304.

228 1384 330 1452 Edita
352 1408 371 1449 a
390 1383 518 1470 Papirio
538 1386 689 1450 Messana
709 1408 749 1450 en
769 1383 848 1449 MS.
870 1379 956 1447 Bill.
976 1379 1129 1456 Tittounoe,
1151 1378 1186 1441 in
1207 1396 1269 1464 qno

274 1492 507 1557 continebantur
524 1493 621 1558 Gesta
634 1492 837 1581 Purgationis
852 1488 975 1556 Felicis.
1001 1488 1035 1554 V
1033 1487 1076 1552 id.
1089 1484 1187 1554 etiam
1198 1485 1269 1550 Au·

270 1600 393 1690 gratini
406 1601 464 1667 lib.
474 1601 519 1666 iii.
535 1601 659 1669 Contra
674 1599 885 1668 Cresconium
901 1621 972 1685 cap.
983 1611 1035 1678 29.
1046 1619 1079 1661 u.
1087 1609 1140 1672 33.
1155 1615 1190 1682 p.
1197 1605 1269 1659 tol.

272 1725 296 1775 t.
309 1731 340 1790 9·

611 1847 888 1911 44...-

263 2130 265 2135 1
547 2043 952 2106 uonruuuumuzu.

229 2131 459 2240 ACTORUM
485 2183 605 2241 istorum
627 2190 709 2240 vetus
734 2184 889 2262 exemplar,
913 2202 949 2241 ex
974 2202 1032 2260 quo
1055 2182 1132 2240 editu
1159 2189 1228 2238 suut
1248 2197 1267 2253 a

231 2263 383 2330 Massouo,
398 2273 479 2320 extat
498 2265 528 2320 in
548 2263 725 2321 bibliotheca
743 2264 876 2331 lbuana,
892 2264 941 2320 sed
959 2261 1225 2342 depravatissimum
1239 2270 1268 2316 et

231 2344 550 2411 contaminatissimum,
565 2354 597 2400 ut
615 2352 682 2400 ante
700 2362 746 2400 me
765 2343 926 2401 observavit
944 2343 1151 2400 illustrissimus
1167 2340 1267 2398 Cardi-

230 2423 475 2482 ualisBaronius.
507 2423 644 2481 Meminit
657 2433 753 2480 autem
767 2424 880 2481 illorum
896 2422 1021 2501 Optatus
1035 2422 1223 2480 Milevitanus
1237 2421 1267 2476 in

230 2504 306 2562 libro
330 2505 435 2582 primo,
457 2504 506 2562 ubi
527 2505 614 2562 etiam
634 2505 771 2562 admonet
791 2524 822 2562 se
843 2524 877 2562 ca
901 2503 1083 2582 subjunxisse
1103 2502 1184 2579 operi
1205 2518 1269 2559 sue.

230 2587 341 2644 Harum
361 2605 479 2662 namque
498 2587 695 2662 plenitudinem
718 2604 819 2653 rerum,
843 2585 948 2660 inquit,
972 2589 1002 2642 in
1023 2586 1168 2642 nouissimo
1188 2588 1270 2657 porte

229 2669 343 2724 iscomm
357 2667 509 2724 libellorum
522 2669 560 2723 od
571 2668 737 2741 implendam
748 2667 837 2744 fidem
855 2664 1034 2738 adjunximus.
1076 2663 1163 2720 Certe
1175 2662 1206 2718 in
1221 2679 1269 2718 se·

231 2747 287 2802 teri
307 2746 382 2802 libro
402 2745 490 2804 verba
510 2765 573 2822 quoe
592 2756 750 2821 sequuntur
770 2747 877 2823 scripta
895 2755 963 2802 sunt
983 2755 1050 2824 post
1068 2741 1270 2806 collectionem

233 2826 355 2882 istorum
374 2835 404 2882 et
422 2825 543 2882 aliorum
563 2825 741 2901 quorundam
760 2836 901 2884 actorum.
938 2827 1099 2902 Expliciunt
1110 2825 1198 2880 sancti
1213 2824 1269 2898 Op·

234 2908 288 2962 toti
301 2907 431 2980 Episcopi
444 2905 507 2962 libri
519 2923 631 2962 numero
645 2922 703 2962 vn.
716 2907 760 2962 ael
770 2915 848 2981 gesta
863 2909 1033 2982 purgationis
1048 2905 1187 2963 Cuciliani
1200 2903 1270 2978 Epi·

232 2988 307 3060 scopi
319 2993 347 3042 et
360 2986 455 3042 Felicis
464 2987 630 3043 ordinatoris
643 2985 769 3059 ejusdcm.
809 2986 947 3045 Meminit
959 2986 1115 3044 eorundem
1129 2983 1273 3060 Augusti·

233 3083 288 3122 nus
309 3066 393 3142 epist.
415 3064 492 3122 clxii.
514 3065 564 3123 ubi
584 3067 706 3123 adnotat
725 3086 759 3123 ea
779 3067 854 3124 lecta
873 3086 933 3124 nou
953 3067 1042 3124 fuisse
1062 3067 1093 3122 in
1113 3063 1271 3121 collatione

235 3145 467 3220 Carthaginensi,
478 3146 546 3222 quia
558 3156 670 3224 tempus
683 3165 743 3203 uon
757 3147 822 3205 fuit.
843 3147 917 3203 Vide
932 3148 1018 3205 etiam
1032 3143 1184 3223 epistolam
1197 3141 1271 3200 clxv.

234 3233 265 3281 et
284 3222 390 3284 libili.
409 3236 511 3283 contra
529 3227 715 3283 Cresconium
737 3245 799 3309 cap.
816 3229 864 3287 29.
887 3226 936 3284 ubi
957 3227 1120 3302 fragmenta
1140 3223 1272 3300 quasdam

235 3306 356 3363 istorum
369 3315 499 3364 actorum
512 3305 722 3364 describuntur.
785 3296 798 3317 ⁸

647 3458 863 3508 *⁸¹¹0*-

247 3594 405 3681 Incipiunt
424 3594 521 3660 Gesta
535 3595 588 3660 uli
601 3607 720 3662 constat
736 3596 918 3660 traditorem
935 3596 1110 3681 Silvanum,
1127 3594 1184 3684 qui
1197 3616 1268 3679 onom

308 3705 416 3770 ceteris
429 3703 584 3770 ordinauit
600 3705 811 3792 Majorinurn,
824 3706 873 3770 oui
887 3707 1034 3772 Donatus
1049 3706 1204 3772 successit.

281 3853 567 3920 Consuounmo
589 3853 739 3920 Maximo
759 3855 914 3940 Augusto
931 3867 965 3920 et
986 3855 1202 3920 Constantino
1220 3853 1292 3942 ju-

238 3965 326 4030 niore
355 3964 555 4030 nobilissimo
582 3962 711 4028 Caesare
737 3962 854 4027 Conss.
884 3963 997 4028 Idibus
1026 3962 1296 4044 Decembribus,

238 4077 336 4141 Sexto
350 4071 636 4159 Thamugadiensi‚
651 4071 784 4136 inducto
798 4085 831 4136 et
843 4071 996 4158 applicito
1011 4071 1145 4136 Victore
1159 4073 1295 4136 Grsmae

239 4185 370 4264 metica,
384 4183 566 4250 adsistente*
576 4181 671 4247 etiarn
692 4179 896 4248 Nundinario
910 4179 1060 4261 diacono,
1076 4179 1296 4266 Zenophlluo
