2684 4740
288 285 525 366 aro'aocra
547 292 870 363 rrooarcaua.
1033 309 1095 378 321

65 469 70 478 '
130 465 131 470 ’
174 474 178 479 ’
240 460 419 557 Responsio
434 469 475 534 ad
491 468 637 556 quintam
652 466 919 532 criminationem.

282 589 372 676 Quod
384 610 464 653 unns
479 599 525 652 cst
543 587 683 651 Christus
696 585 797 650 Filias
811 583 884 649 Dei.

356 711 407 774 Ex
421 709 526 794 primo
541 708 624 773 libro
639 707 679 772 de
694 707 798 770 Esaia.

101 809 317 882 Oaronuas.
350 817 438 882 Sicut
451 807 527 882 dicit
541 815 888 902 Apostolus-*fucus

103 919 344 991 Pararrrr'nus.
376 928 488 991 Unum
506 927 567 991 hoc
582 925 801 991 testimonium
817 921 966 1012 estquod
984 915 1097 991 Chris-

55 1036 111 1099 tus
140 1055 231 1098 verus
258 1058 340 1099 unus
366 1036 417 1115 sit,
444 1036 499 1123 qui
524 1034 767 1122 participatione
794 1033 843 1097 sui
872 1033 993 1098 multos
1019 1034 1098 1100 facit

58 1143 222 1211 Christos,
265 1147 488 1212 Adhibeamns
509 1160 616 1218 tamen
632 1159 665 1209 et
683 1144 770 1209 aliud
785 1166 824 1208 ex
839 1143 944 1231 primo
959 1144 1042 1210 libro
1056 1144 1099 1211 de

57 1255 235 1342 Evangelio
250 1257 429 1323 secundum
444 1241 652 1334 Matthaeum,
664 1255 696 1319 in
712 1277 778 1341 quo
793 1253 856 1318 hoc
871 1252 970 1318 modo
984 1253 1074 1320 dicit.

103 1364 318 1430 On1carras.
350 1366 384 1430 Si
401 1364 541 1430 Christus
553 1364 799 1446 Jerus--curo
814 1371 870 1426 est.

102 1474 348 1541 Pamruraus.
376 1477 419 1540 Et
439 1475 472 1539 in
491 1473 586 1539 tertio
601 1474 681 1538 libro
697 1471 851 1558 Epistolae
866 1471 908 1535 ad
923 1472 1097 1538 Colossen-

55 1597 108 1647 aes
124 1583 165 1648 de
178 1584 298 1649 eisdem
315 1586 360 1651 ita
374 1585 495 1651 scribit.
539 1585 629 1649 Data
642 1595 794 1648 est-a
812 1583 944 1649 Christo.
959 1668 962 1673 Ι

103 1693 346 1758 Paurrrraus
373 1694 524 1760 Sufficere
539 1694 654 1779 opinor
669 1694 765 1759 etiam
782 1691 821 1757 de
836 1692 899 1757 hoc
914 1685 1017 1759 tribus
1033 1705 1098 1758 tes*

56 1799 203 1867 timoniis
215 1804 416 1868 confutatam
428 1824 497 1868 esse
510 1803 715 1867 calumniam.
739 1802 775 1866 si
787 1801 859 1890 quis
873 1823 948 1866 sane
960 1792 1098 1867 offendiss

58 1924 114 1976 tur
129 1913 217 1999 quod
233 1912 333 1978 dixit:
356 1914 551 1979 Salvatorenr
568 1913 665 1978 etiam
681 1909 1032 1999 animamsuscepisse=
1050 1909 1098 1978 ni*

56 2021 104 2085 nil
127 2019 249 2087 dehoc
270 2023 407 2110 amplius
430 2023 688 2109 respondendum
710 2037 802 2110 puto,
818 2024 878 2088 nisi
893 2025 982 2112 quod
999 2017 1098 2113 hujus

56 2131 226 2196 'sententiae
249 2151 315 2196 non
337 2133 494 2228 Origenes
510 2145 696 2212 auctorest,
711 2133 768 2196 sed
782 2133 850 2219 ipsa
864 2145 973 2198 sancta
988 2135 1098 2223 Scrip-

56 2252 132 2304 tura
151 2245 298 2320 testatur,
318 2241 390 2327 ipso
409 2242 554 2307 Domino
577 2255 610 2307 et
629 2242 790 2306 Salvatore
806 2242 954 2308 dicente:
977 2242 1097 2308 ⁰Nemo
1125 2227 1128 2231 ³

59 2350 149 2416 tollet
164 2351 302 2416 unimam
322 2375 422 2416 meum
437 2375 456 2416 α
470 2375 540 2417 rrae.-
564 2365 608 2431 et,
627 2352 767 2416 PTristis
782 2363 827 2416 est
842 2353 948 2418 aalma
962 2377 1031 2419 mea
1044 2377 1099 2420 us·

59 2483 120 2548 que
140 2461 183 2525 ad
203 2473 355 2527 mortem:
383 2474 429 2541 et,
452 2462 571 2526 qNurrc
591 2459 697 2525 anima
719 2483 788 2526 meu
808 2462 936 2528 turbata
955 2475 1010 2529 est.
1054 2466 1100 2531 Et

57 2571 164 2636 multa
178 2571 228 2636 his
242 2572 359 2636 similia
372 2572 405 2635 in
421 2572 537 2636 sanctis
553 2569 725 2656 Scripturis
741 2570 890 2635 invenies.

102 2683 256 2768 Superest
277 2682 467 2769 respondere
494 2681 534 2745 ad
558 2681 648 2745 illam
671 2681 919 2759 accusationem,
944 2703 1017 2769 quae
1043 2704 1098 2749 ca·

56 2783 234 2857 lumniatur
251 2814 325 2856 eum
346 2813 476 2856 ornnem
496 2791 693 2876 Scripturam
713 2791 745 2854 in
766 2790 953 2876 allegoriam
968 2805 1098 2858 vertere.

56 2892 208 2988 Exipsis
228 2901 318 2966 libris
339 2924 421 2988 quos
441 2900 490 2980 vel
513 2888 651 2964 maxime
672 2900 905 2965 obtrectatores
921 2901 992 2991 ejus
1006 2904 1098 2969 incu-

58 3023 143 3088 sant,
159 3010 193 3075 id
208 3025 268 3090 est,
283 3010 323 3075 de
346 3023 461 3098 quarto
481 3010 549 3097 argi
573 3013 671 3097 ἀρχῶν
692 3008 777 3075 libro
797 3011 1008 3097 proferemus,
1023 3015 1099 3100 quia

57 3141 124 3191 non
146 3133 244 3206 negat
264 3144 302 3185 ea
322 3144 396 3208 quae
415 3122 448 3185 in
472 3121 648 3208 Scripturis·
667 3122 856 3203 referuntur,
871 3125 966 3189 etiam
984 3146 1097 3192 secun·-

40 3226 137 3297 ¹dnm
153 3230 277 3296 literam
293 3244 397 3316 gesta.

250 3360 430 3451 Responsio
444 3363 485 3429 ad
500 3375 622 3429 sextam
637 3363 903 3431 criminationem.

459 3456 610 3546 carui
638 3476 699 3546 ur.

54 3663 58 3669 ,
102 3596 195 3684 Quod
207 3620 243 3662 ea
258 3620 333 3686 quoe
346 3599 379 3664 in
394 3599 564 3684 Scripturis
577 3599 766 3685 referuntur,
779 3601 875 3668 etiam
890 3603 1054 3669 secundam

272 3701 276 3707 ’
422 3699 545 3764 literam
556 3711 647 3788 gestu
661 3700 734 3766 siat.

219 3821 393 3880 Ourcarras.
694 3823 788 3900 Rufini
801 3823 1005 3902 Interpretatio.

105 3909 179 3994 Ἵνα
201 3910 237 3994 δὲ
261 3911 486 4038 μὴιῦπολοίςῃ
503 3951 553 4002 m
617 3935 622 3946 ’
643 3948 691 4006 Ne
717 3951 781 4026 quis
807 3959 904 4010 autem
937 3956 1095 4034 suspicetur

429 4069 623 4145 Interpretatio
637 4062 728 4130 Noua.

98 4155 147 4220 Ne
161 4157 225 4240 quis
238 4180 307 4222 vero
320 4184 374 4223 nos
385 4166 548 4246 suspicetur
560 4168 591 4224 in
604 4168 737 4228 omnibus
752 4169 898 4241 indicere,
910 4171 1018 4252 nullam
1036 4170 1095 4235 his·

148 4284 365 4344 ‘··rom.x.rr.
463 4293 681 4348 elisantiae.
746 4286 1016 4357 'assumsit-rr.-

104 4389 267 4449 vemt·
585 4395 614 4442 Y*
