2684 4740
166 293 405 371 ARCHELAI
424 296 481 364 ET
501 293 708 365 MANETlS
729 278 1019 361 DISPUTATIO.
1056 311 1119 385 215
1160 297 1162 303 '

78 464 167 531 ratio
181 453 309 547 eorum,
324 488 397 554 quae
411 489 497 533 nunc
511 467 714 544 adduximus,
726 476 760 530 et
772 476 850 531 tunc
871 464 1040 530 ostendam
1060 461 1121 529 tibi

79 586 209 660 patrem
224 573 306 662 ejus.
351 577 491 640 Mnuns
510 595 638 653 bruis,
654 573 689 638 Si
704 572 784 637 mihi
799 571 982 659 ostenderis,
994 583 1120 658 patrem

81 683 155 770 ejus
175 683 381 764 mendacem,
403 697 437 749 et
457 685 533 749 Deo
556 683 671 748 horum
697 681 777 747 nihil
802 680 1018 768 adscripseris,
1040 692 1120 746 tunc

81 793 144 859 tibi
171 793 215 858 de
242 793 395 859 omnibus
422 792 722 858 accommodabitur
745 790 834 856 fides.
877 791 1117 857 Ancusensis

84 925 215 984 mxu,
231 905 331 970 Omni
346 906 469 970 ratione
488 906 529 971 de
550 905 694 970 Diabolo
717 904 888 991 diligenter
908 902 1065 990 exposita,
1087 915 1122 967 et

83 1015 322 1104 dispensatione
335 1019 471 1104 prolata,
486 1018 570 1083 sicut
583 1017 753 1082 hominum
768 1016 856 1101 viget
875 1036 1000 1093 sensus,
1021 1011 1121 1077 etiam

82 1125 170 1211 apud
183 1126 323 1212 seipsum
337 1138 447 1213 potest
458 1126 630 1213 diligenter
642 1126 818 1204 advertere,
835 1124 907 1211 quis
921 1123 982 1187 iste
995 1122 1047 1202 sit,
1063 1121 1120 1209 qui

83 1229 215 1300 Diaboli
229 1236 407 1322 appellatus
422 1248 472 1302 est
484 1250 586 1323 pater.
632 1235 696 1300 Sed
716 1257 792 1299 cum
812 1248 846 1300 te
867 1239 906 1299 ’ω
928 1230 1119 1297 Paraclitum

84 1363 153 1407 esse
165 1335 453 1429 dicas'plurimum
469 1345 528 1410 tibi
542 1342 638 1408 etiam
653 1342 694 1408 ab
710 1343 851 1408 humana
865 1342 956 1407 deest
976 1341 1118 1428 pruden-

85 1443 138 1513 tia.
182 1445 346 1531 Quoniam
363 1466 444 1530 ergo
465 1443 635 1532 prodidisti
656 1444 871 1531 ignorantiam
892 1455 994 1521 tuam,
1014 1442 1120 1507 dicam

86 1571 147 1636 ego
169 1549 273 1636 cquid
293 1549 348 1615 ille
369 1551 411 1616 sit
436 1563 528 1638 pater
547 1551 692 1616 Diaboli.
736 1552 879 1615 Munus
903 1571 1017 1617 n1x1r
1034 1551 1119 1615 d...

86 1657 176 1725 dico:
198 1671 233 1723 et
246 1658 376 1746 adjecit,
391 1661 498 1725 omnis
515 1659 571 1746 qui
591 1659 740 1724 conditor
762 1671 824 1738 est,
845 1658 894 1724 vel
914 1670 1040 1725 creator
1056 1658 1122 1724 sli-

86 1781 238 1852 quorum‚
262 1781 353 1853 pater
377 1788 511 1832 eorum.
526 1813 535 1832 .
548 1766 784 1846 ..condiderit‚
813 1767 1017 1853 appellatur.'
1045 1768 1122 1834 Ar-

86 1894 265 1949 castaus
283 1896 412 1956 nrxrr,
429 1875 536 1942 Miror
549 1875 716 1963 quomodo
736 1875 851 1941 saltem
872 1875 936 1940 hoc
960 1888 1048 1944 recta
1070 1898 1122 1941 ra-

86 1982 173 2057 tione
195 1984 409 2073 responderis,
436 2006 494 2050 nec
521 1985 671 2051 celaveris
696 1983 852 2050 sermonis
877 1983 976 2072 hujus
1000 1984 1121 2051 intelli·

85 2091 244 2181 gentiam,
259 2093 309 2158 vel
323 2106 482 2158 usturam.
525 2093 616 2157 Audi
631 2094 703 2179 jam
726 2114 766 2157 ex
787 2092 863 2174 hoc,
877 2093 948 2180 quis
970 2093 1013 2161 sit
1033 2106 1124 2180 pater

86 2199 168 2288 ejus.
214 2199 299 2266 Cum
315 2222 355 2267 ex
369 2202 522 2266 caelorum
535 2222 636 2286 regno
654 2201 836 2282 cecidisset,
854 2214 922 2268 erat
935 2190 1038 2288 'per
1058 2214 1123 2267 ter-

85 2330 150 2389 ras,
161 2308 343 2390 intendens,
359 2322 394 2375 et
407 2309 571 2396 inquirens
584 2309 638 2375 cui
652 2331 687 2375 se
700 2323 809 2396 posset
823 2310 1012 2398 adjungere,
1025 2323 1123 2398 quem

86 2417 306 2498 excomortio
320 2418 371 2483 sui
383 2417 571 2504 participem
593 2439 723 2505 quoque
742 2418 893 2505 nequitiae
916 2442 982 2485 suae
1004 2421 1125 2488 valeret

87 2529 225 2596 efficere.
268 2533 312 2596 Et
327 2531 458 2618 quidem
471 2531 574 2597 donec
590 2531 690 2596 homo
705 2554 769 2596 non
784 2546 864 2612 erat,
879 2556 985 2622 neque
998 2535 1052 2600 ille
1066 2557 1124 2623 sp-

86 2641 268 2728 pellabatur
281 2643 454 2725 homicida,
470 2663 575 2732 neque
588 2663 664 2710 cum
679 2656 770 2731 patre
784 2645 945 2726 menda'x3
965 2647 1126 2732 posthaec

90 2771 177 2832 seso,
196 2738 274 2819 cum
288 2753 394 2819 factus
411 2767 497 2819 esset
510 2754 623 2833 homo,
644 2774 683 2818 ac
697 2752 865 2819 mendacio
879 2753 950 2842 ejus
964 2753 1077 2822 luisset
1092 2768 1127 2823 st

89 2859 361 2955 drcumyentione
389 2864 556 2950 deceptus,
584 2884 660 2928 cum
690 2885 758 2931 sese
787 2864 971 2931 inseruisset
996 2867 1126 2954 corpori

88 2971 244 3059 serpentis
256 2973 460 3059 sepientioris
474 2973 620 3039 omnium
639 2973 826 3054 bestiarum,
847 2987 925 3038 tunc
946 2973 1126 3061 appellatus

88 3091 138 3151 est
151 3080 304 3160 mendax,
319 3103 472 3147 unacum
489 3093 581 3167 patre
599 3103 670 3160 suo,
689 3095 748 3146 eet
760 3083 913 3149 effectum
927 3096 977 3149 est
992 3107 1056 3150 non
1072 3079 1132 3151 so-'

87 3193 157 3260 lum
179 3202 274 3280 'super
295 3194 402 3281 ipsum
424 3195 583 3260 mendacii
604 3195 822 3276 maledictum,
837 3195 893 3261 sed
907 3209 943 3261 et
956 3218 1051 3284 super
1065 3219 1128 3286 pa·

86 3313 172 3371 trem
184 3301 268 3390 ejus.
302 3303 398 3369 Cum
413 3325 494 3390 ergo
506 3325 635 3391 serpens
650 3297 822 3391 recepisset
840 3326 915 3370 eum
935 3304 970 3369 in
990 3327 1071 3386 sese,
1091 3318 1127 3373 et

84 3411 260 3498 recepisset
272 3412 469 3491 unisonum,
483 3425 638 3500 tanquam
652 3427 821 3500 praegnans
840 3413 974 3479 effectus
993 3428 1054 3496 est,
1076 3415 1127 3482 in·

85 3519 197 3606 gentis
216 3519 353 3591 malitiae
379 3521 499 3587 fascem
525 3534 669 3607 portans,
694 3535 729 3588 et
753 3532 821 3588 erut
847 3522 934 3588 sicut
955 3545 1127 3612 puerpera,

84 3640 274 3714 qureprrtu
287 3641 434 3715 urgetur,
448 3630 557 3695 volens
574 3650 722 3695 evomere
740 3629 891 3717 maligne
910 3632 1129 3720 suggestionis
1183 3652 1185 3657 ’

116 3850 130 3879 ‘
146 3789 227 3908 Fdrte,
238 3849 289 3915 quit
300 3849 339 3898 illa
350 3850 390 3897 sit.

117 3923 131 3963 ὖ
148 3928 257 3978 ueunae
273 3931 325 3979 istae
341 3931 411 3979 facile
423 3932 518 3994 impleri
530 3946 598 3994 posse
608 3933 730 3990 videntur,
741 3933 762 3980 si
772 3933 805 3981 its
815 3932 934 3994 legamus.
966 3933 1129 3999 ramiside,

81 4009 144 4058 Janr
154 4009 216 4058 dics:
233 4021 256 4057 et
265 4011 356 4074 adjecit,
368 4012 445 4071 omnis,
457 4010 506 4060 &a
513 4023 582 4077 paler
592 4024 674 4071 mm,
686 4026 738 4078 qttae
747 4012 877 4076 muns,
887 4013 1021 4078 appellum.

117 4093 131 4122 ⁸
148 4090 179 4140 lu
189 4091 274 4140 codice
283 4091 420 4155 (lesinensi,
432 4103 465 4141 at.

582 4189 637 4242 l’4
