2684 4740
162 306 401 375 Arcanum
422 311 479 376 m
498 311 705 379 MANETIS
727 311 1016 380 msrurarro.
1052 335 1113 402 233

77 477 171 543 variis
193 479 423 545 assertionibus
444 481 668 568 hujuscemodi
690 485 846 570 dogmata
866 485 908 549 ab
925 505 965 549 eo
988 507 1117 551 summo

77 590 161 668 nisu,
174 604 272 676 atque
287 593 541 657 summo-studio
556 593 806 658 affirmabantur.
846 595 936 658 Nam
951 615 991 656 ex
1002 607 1116 659 aucto·

78 698 172 763 ritate
184 700 338 786 Apostoli
350 702 462 788 Moysi
476 703 595 788 legem,
609 703 715 789 legem
730 726 799 767 esse
814 704 927 768 mortis
942 703 1119 768 conabatur

77 827 238 888 asserere3
256 811 336 876 Jesu
352 799 426 873 vero
446 812 566 897 legem,
583 810 692 898 legem
713 835 781 877 esse
796 812 880 893 vitae,
897 834 954 898 per
974 810 1008 876 id
1030 813 1120 900 quod

75 915 133 996 ait,
148 918 209 981 ¹Ia
225 941 283 1004 qao
303 931 333 983 et
349 919 470 983 idoneos
489 943 543 985 nos
564 920 687 1005 cfaciat
701 925 788 986 Deos
802 922 958 986 ministros
972 923 1043 987 aovi
1059 933 1121 987 tes·

74 1025 224 1104 tomenti,
240 1049 302 1090 aon
314 1025 418 1106 litera,
427 1029 480 1092 sed
491 1029 623 1113 Spiritu.
656 1031 767 1095 Litero
781 1030 863 1095 enim
879 1031 1000 1109 occidit,
1014 1030 1118 1114 Spiri-

74 1141 131 1196 tus
146 1135 250 1198 mrtem
263 1135 414 1221 vivificat.
452 1137 543 1223 Quod
556 1138 583 1202 si
597 1131 950 1204 dininisreriom'mortts
962 1141 995 1203 ia
1008 1138 1120 1220 litorio,

55 1239 255 1325 formatam
277 1245 310 1309 ia
334 1245 500 1331 lapidibus,
514 1248 711 1334 factumest
736 1248 769 1314 ia
788 1250 903 1336 gloria,
927 1250 995 1314 2ito
1010 1260 1045 1312 at
1060 1272 1120 1313 noa

69 1353 206 1434 possent
221 1354 453 1443 irrteaderefilii
468 1357 569 1423 Israel
584 1357 617 1420 ia
626 1358 751 1443 faciem
772 1360 881 1444 Moysi
900 1369 1027 1444 propter
1039 1357 1120 1444 ‘glo-

76 1461 292 1528 riam-auttas
316 1466 393 1551 ejas,
420 1488 494 1553 qaae
516 1467 736 1547 edomatur,-
760 1469 905 1554 qaomodo
932 1490 994 1531 aaa
1017 1466 1119 1552 magis

74 1571 291 1638 ministeriam
309 1575 446 1660 Spiritus
461 1576 520 1640 erit
536 1576 569 1640 ia
581 1575 716 1664 gloria?
753 1576 789 1642 Si
811 1576 892 1641 mim
913 1576 1121 1639 ministeriam

77 1679 294 1748 damnationis
305 1684 411 1772 gloria
425 1696 483 1763 est,
497 1686 596 1750 multo
610 1687 715 1774 magis
730 1687 900 1752 abundabit
914 1687 1121 1751 ministeriam

67 1787 219 1873 justitiae
239 1794 283 1857 ad
301 1787 453 1882 gloriam.¹
493 1795 602 1882 Neque
623 1796 706 1860 enim
727 1795 938 1883 glorificatum
960 1807 1016 1874 est,
1040 1795 1123 1883 quod

79 1899 385 1988 gloriosamfaotam
400 1915 446 1968 est
462 1904 496 1968 ia
510 1904 568 1968 lraa
577 1915 680 1990 parte,
692 1916 820 1991 propter
834 1926 913 1985 eam,
929 1927 1003 1992 qaae
1016 1920 1124 1990 saper·

82 2011 208 2092 eminet,
221 2012 378 2098 gloriam:
402 2012 430 2076 si
443 2013 525 2076 mim
542 2013 623 2100 quod
638 2012 812 2078 dastmetar
831 2029 888 2098 per
907 2012 1043 2100 gloriam
1066 2024 1124 2095 ast,

83 2121 310 2211 multomagis,
325 2124 407 2210 qaod
420 2133 537 2204 maaet,
554 2124 587 2188 ia
601 2123 704 2209 gloria
719 2136 777 2188 est.
822 2124 886 2188 Sed
901 2123 965 2188 hoc
979 2122 1125 2209 quidem,

84 2231 253 2318 sicutipse
269 2235 365 2312 nosti,
387 2234 421 2298 in
441 2232 582 2298 secunda
596 2233 637 2298 ad
654 2233 841 2297 Corinthios
857 2233 1005 2318 epistola.
1049 2231 1124 2296 Aa·

84 2339 132 2404 dit
148 2353 258 2404 autem
274 2363 314 2405 ex
328 2341 432 2427 prima
446 2343 594 2427 epistola,
610 2355 753 2406 terrenos
769 2364 839 2407 esse
854 2341 963 2406 dicens
982 2339 1125 2427 discipu·

82 2449 132 2514 los
145 2451 260 2514 veteris
273 2451 469 2530 testamenti,
482 2463 515 2515 et
529 2450 694 2530 animales,
709 2453 762 2516 ³et
775 2450 849 2514 ideo
863 2471 993 2515 carnem
1005 2462 1039 2514 et
1050 2471 1123 2524 san-

84 2559 219 2645 guinem
239 2581 376 2646 regnum
395 2561 459 2625 Dei
479 2558 641 2646 possidere
664 2580 728 2623 non
751 2580 859 2646 posse.
905 2560 1016 2645 Ipsum
1039 2580 1125 2646 quo·

84 2672 149 2755 que
176 2668 309 2732 Paulum
336 2691 375 2732 ex
397 2669 526 2755 propria
548 2691 606 2733 sua
626 2689 763 2755 persona
784 2667 913 2732 dicebat
934 2689 1072 2732 asserere
1091 2667 1127 2733 id

87 2778 176 2865 quod
191 2779 248 2857 ait,
261 2783 277 2818 ⁴
288 2779 322 2842 Si
333 2765 384 2859 aa,
400 2801 473 2865 qaae
488 2778 639 2857 destruxi,
652 2777 766 2841 iterum
780 2777 913 2864 oedffioo,
933 2777 1126 2862 proeoam‘oo·

88 2898 186 2952 torem
199 2910 248 2952 me
262 2889 394 2953 oestimo.
439 2889 501 2952 Sed
518 2901 551 2951 et
566 2887 654 2952 illud·
667 2886 804 2951 eundem
826 2887 933 2973 ipsum
953 2887 1125 2952 evidentis·

87 2996 169 3065 sime
190 2998 232 3064 de
253 2998 357 3063 carnis
378 2997 611 3062 resurrectione
631 2997 759 3076 dixisse,
777 3002 788 3036 ⁵
795 3018 859 3060 non
874 3019 945 3062 esse
961 2997 1126 3086 Judaeum,

86 3109 144 3196 qui
157 3110 189 3174 in
203 3111 373 3175 manifesto
387 3123 447 3192 est,
463 3131 566 3196 neque
581 3133 654 3196 quae
665 3109 699 3173 in
712 3108 894 3186 manifesto,
909 3109 942 3172 in
957 3130 1063 3186 carne,
1078 3120 1127 3172 est

87 3221 308 3303 circumcisi03
338 3245 441 3309 neque
462 3222 639 3287 secundum
652 3222 799 3304 literam,
820 3223 929 3307 legem
952 3222 1125 3307 quicquam

86 3330 236 3395 utilitatis
250 3333 404 3396 retinere:
431 3331 497 3395 ⁶Et
509 3354 637 3396 rursum
654 3331 742 3416 quod
752 3329 925 3394 Abraham
941 3330 1040 3393 habet
1050 3330 1127 3415 glo·

87 3439 181 3519 riam,
204 3440 259 3504 sed
285 3463 350 3505 non
375 3440 460 3527 apud
484 3439 617 3503 Deum:
644 3436 912 3510 ⁷Tantummod0
926 3439 1128 3524 agnitionem

87 3547 215 3631 peccati
239 3569 296 3633 per
323 3548 432 3633 legem
460 3547 539 3611 fieri.
584 3546 648 3610 Sed
676 3559 710 3611 et
738 3545 801 3610 alia
828 3545 942 3626 multa,
973 3545 1039 3632 legi
1068 3547 1129 3610 ob·

123 3778 135 3806 ⁶
151 3775 264 3838 Vulgata,
268 3778 332 3839 fecit
343 3778 413 3835 Deus,
426 3779 492 3841 quod
505 3778 581 3840 magis
592 3792 671 3841 graeoo
682 3780 760 3826 textui
772 3792 911 3826 consonam
923 3789 967 3828 est.

123 3853 135 3884 ‘¹
155 3855 267 3917 Vulgata,
279 3858 420 3904 Ministratio
431 3858 516 3916 mortis,
533 3857 604 3904 literis
620 3858 743 3921 deformata
760 3842 786 3906 in¹
799 3857 926 3920 lapidibur3
942 3859 985 3907 sed
1000 3859 1075 3907 nomi
1091 3858 1129 3906 ln·

89 3937 198 3997 terpretis
208 3936 280 3985 lectio
291 3940 368 4001 magis
380 3940 520 3987 adsensum
531 3940 611 4000 graeci,
620 3954 671 4002 quo
681 3954 749 3988 nunc
760 3940 863 3999 utimur,
874 3950 954 3990 textus
965 3940 1065 3996 aceedit.

156 4017 222 4064 Infra
230 4032 283 4080 cap·
296 4029 337 4067 42.
349 4020 432 4080 habet,
443 4019 550 4070 aboletur.
576 4040 579 4044 ⁴

126 4146 272 4197 ¹2Cor.iii.
285 4157 373 4198 6—11.
428 4149 678 4200 ²Exod.xxxiv.35·
720 4149 926 4203 ³tCor.xr.50·
963 4147 1080 4198 ⁴Gal.ii.
1093 4158 1133 4197 18.

128 4229 140 4266 ⁵
152 4226 225 4277 Rom.
236 4229 261 4276 ii.
274 4240 314 4282 αθ.
380 4230 393 4265 ⁶
405 4229 467 4280 lbid.
479 4232 512 4281 iv.
523 4243 547 4281 a.
613 4232 696 4281 tlbid.
708 4232 740 4281 iii.
755 4243 796 4283 20.
