2684 4740
8 4264 61 4448 i

151 320 195 383 66
398 316 668 383 coxctntuu
690 316 953 385 ROMANUM.

199 486 753 573 EodemtemporeidemDonanrs
768 490 1209 575 petiir,uteirerertiiieu-

154 596 444 675 isset,etnecad
471 597 906 683 Carthaginemaeoederet.
949 600 1205 667 TuncaF'rlu-

154 708 256 787 mino,
282 706 495 793 suffragatore
522 710 605 794 ejus,
632 709 820 794 imperatori
846 724 1046 798 suggestum
1073 726 1140 793 est,
1165 724 1210 781 nt

154 818 244 881 borso
256 816 347 905 pacis
361 814 555 889 Cecilianus
574 816 690 881 Brixiae
706 818 918 883 retintreturs
937 832 973 885 et
990 820 1120 887 factum
1141 834 1203 887 est.

153 928 247 993 Tunc
269 928 339 992 duo
360 926 506 1014 episcopi
527 926 569 991 ad
589 928 735 991 Africam
756 927 945 993 missisunt
964 931 1151 997 Emonius
1167 944 1203 997 et

152 1036 328 1123 olimpius.
372 1038 551 1114 i'enemnt,
564 1052 599 1099 et
622 1034 710 1121 apud
730 1034 964 1123 Carthaginem
986 1038 1124 1106 firmnnt
1143 1062 1203 1129 pet

152 1148 223 1213 dies
245 1146 470 1234 quadraginta,
495 1162 534 1211 ut
556 1148 806 1233 pronunciarent
829 1148 886 1212 nbi
911 1162 998 1215 esset
1023 1150 1202 1219 catholica.

153 1258 230 1321 Hoc
250 1257 401 1321 seditiosa
421 1276 497 1343 pars
515 1256 640 1321 Donati
654 1256 722 1321 fieri
741 1278 835 1343 passa
853 1280 920 1322 nou
937 1276 1010 1325 est:
1031 1259 1077 1325 de
1090 1260 1202 1327 studio

152 1368 292 1455 partium
314 1368 468 1454 strepitus
489 1366 668 1454 qarotidiani
687 1380 763 1430 sunt
780 1366 904 1431 habiti:
929 1367 1107 1435 oterheim
1124 1392 1200 1437 sett-

151 1478 253 1541 tentia
272 1476 462 1543 eorumdem
482 1477 707 1563 episcoporum
728 1476 883 1540 Eunomii
899 1490 934 1540 et
954 1476 1106 1564 Olympii
1125 1480 1202 1545 talis

150 1588 292 1675 legitur;
316 1595 341 1627 “
353 1602 391 1653 ut
403 1586 547 1653 dicerent
559 1588 648 1651 illam
662 1608 735 1650 esse
748 1585 958 1666 catholicam,
972 1602 1050 1675 quae
1061 1602 1153 1655 essct
1163 1588 1198 1655 in

151 1706 263 1763 “toto
281 1698 361 1763 orbe
381 1714 538 1763 terrarum
557 1696 685 1775 diffusa,
698 1710 733 1760 et
753 1697 943 1761 sententiam
957 1696 1073 1763 decem
1087 1712 1124 1765 et
1135 1720 1198 1765 no-

149 1814 173 1847 “
187 1830 258 1871 sem
280 1808 507 1893 episcoporum
523 1804 721 1892 jamdudum
744 1804 867 1885 datam,
880 1805 1012 1871 dissolri
1031 1830 1100 1873 non
1116 1830 1195 1897 pos-

149 1924 172 1957 “
188 1916 258 1981 se.''
294 1918 349 1981 Sic
369 1916 689 1980 communiesrerunt
710 1915 799 1979 clero
820 1914 999 1997 Caeeiliani,
1021 1929 1056 1982 et
1076 1918 1196 1985 reversi

149 2042 237 2092 sunt.
280 2026 335 2091 De
356 2026 395 2090 iis
415 2026 512 2091 rebus
530 2026 689 2091 habemus
702 2025 864 2091 solumina
883 2039 1046 2107 actorum,
1061 2026 1196 2115 quodsi

149 2136 222 2223 quis
235 2135 383 2214 voluerit,
398 2135 431 2198 in
447 2134 627 2201 nosvissimis
640 2134 787 2221 partibus
806 2135 908 2220 legat.
950 2134 1040 2199 Cum
1063 2136 1140 2201 haec
1157 2136 1194 2201 fi-

148 2258 250 2324 erent,
265 2246 417 2309 Donatus
436 2244 524 2309 ultro
546 2245 635 2329 prior
654 2244 697 2308 ad
719 2244 953 2330 Carthaginem
974 2244 1072 2311 redit.
1116 2248 1195 2313 Hoc

147 2354 272 2433 audito,
303 2354 495 2419 Caecilianus
525 2354 568 2418 ad
594 2376 687 2418 suam
717 2353 845 2439 plebem
872 2354 1065 2440 properarit.
1116 2356 1194 2422 Hoc.

147 2464 250 2531 modo
264 2465 381 2529 iterum
397 2462 599 2527 renovellata
619 2474 697 2527 sunt
717 2474 833 2548 partes.
878 2461 1019 2529 Constat
1033 2476 1147 2528 tamen
1161 2477 1195 2529 et

147 2578 315 2642 Donatum
340 2586 391 2640 tot
413 2574 580 2640 sententiis
604 2595 676 2639 esse
696 2592 896 2659 percussum,
918 2586 953 2637 et
976 2572 1193 2639 Caecilianum

146 2686 350 2751 innocentem
363 2684 501 2750 totidem
517 2683 683 2748 sententiis
696 2681 959 2768 pronunciatum.

190 2793 256 2859 Sed
272 2795 349 2880 quia
361 2794 395 2856 in
417 2792 486 2877 ipsa
499 2814 598 2857 causa
613 2791 810 2880 jamdudum
825 2791 860 2855 in
873 2790 1036 2857 catholica
1048 2791 1192 2861 duorum

147 2902 339 2969 videbantur
359 2900 505 2965 laborare
527 2921 684 2986 personae,
704 2913 738 2964 et
759 2901 898 2966 ordinati
918 2912 953 2964 et
974 2900 1192 2969 ordinatorise

145 3024 318 3101 postquam
342 3009 508 3074 ordinatus
527 3010 562 3074 in
583 3010 664 3075 urbe
686 3022 845 3096 purgatus
864 3023 924 3089 est,
945 3022 979 3074 et
1000 3010 1193 3097 purgandus

146 3122 252 3195 adhuc
268 3131 464 3186 remanserat
478 3118 654 3185 ordinator.
689 3122 781 3185 Tunc
797 3119 1031 3185 Constantinus
1043 3118 1089 3187 ad
1102 3120 1190 3185 AEti·

146 3252 244 3299 anum
262 3230 490 3296 Proconsulem
506 3229 643 3314 scripsit,
655 3241 692 3293 ut
704 3229 837 3293 remotis
852 3228 1097 3295 necessitatibus
1108 3230 1192 3317 pub-

145 3341 227 3422 licis,
239 3341 280 3407 de
293 3341 358 3405 vita
373 3338 487 3404 Felicis
502 3337 731 3403 Autumnitani
746 3336 876 3426 publice
891 3348 1101 3427 quereretur.
1130 3340 1189 3409 Se,-

145 3451 194 3518 dit
211 3452 238 3517 is
260 3452 313 3516 cui
333 3464 402 3515 erat
420 3446 589 3515 indictum.
634 3447 766 3513 Inducti
780 3459 856 3512 sunt
871 3446 1030 3512 Claudius
1042 3448 1191 3535 Saturis·

146 3583 219 3640 nus,
231 3572 361 3625 curator
375 3550 585 3644 Reipublicae,
598 3558 654 3645 qui
668 3557 731 3622 fuit
745 3570 891 3645 tempore
906 3556 1141 3647 persecutionis
1155 3557 1191 3627 iu

146 3670 273 3737 civitate
288 3668 414 3747 Felicis,
426 3679 460 3732 et
474 3682 603 3733 curator
618 3666 784 3753 praesentis
800 3680 878 3730 tunc
890 3666 1045 3752 temporis
1056 3666 1190 3754 quando

146 3800 243 3843 causa
261 3778 486 3863 flagitabatur,
514 3774 672 3865 callidius
698 3774 884 3854 Gratianus,
911 3788 945 3839 et
971 3774 1193 3863 Magistratus

146 3888 251 3954 Alfius
266 3886 469 3966 Caecilianus,
483 3886 538 3951 sed
554 3896 587 3950 et
610 3884 764 3973 Superius
784 3884 986 3975 stationarius
1000 3882 1192 3971 perductus,

146 4010 180 4063 et
196 3993 365 4082 ingentius
384 3993 488 4057 scriba
502 3991 820 4083 publicuspepcndit
833 3992 894 4081 sub
908 4004 1000 4056 metu
1014 3982 1193 4085 imminens

147 4106 229 4170 tium
245 4114 495 4168 tormentorum.
540 4100 874 4188 Responsisomnium
893 4100 973 4166 nihil
995 4099 1059 4165 tale
1079 4102 1191 4169 inven-

147 4228 217 4281 tum
242 4228 293 4281 est
318 4212 351 4279 in
376 4211 440 4279 rita
464 4209 577 4277 Felicis
599 4208 754 4299 episcopi,
775 4220 907 4297 propter
928 4206 1017 4296 quod
1039 4208 1197 4277 ordinare-
