2684 4740
231 311 378 379 ons'm
399 302 711 380 runorrrours
733 308 919 379 rnurors.
1052 328 1096 401 79

58 480 201 553 AElianus
215 483 433 572 predecessor
447 497 533 562 tuus,
548 483 676 575 merito,
690 481 769 548 dum
785 483 831 548 vir
845 481 1097 570 perfectissimus

59 591 158 660 Verus
176 595 222 680 (V
223 593 342 676 erinus)
358 592 506 660 Vicarius
527 593 756 679 prefectorum
777 605 854 657 tunc
875 613 932 679 per
950 592 1096 658 Africam

67 716 195 771 nostram
216 702 427 769 incommoda
444 701 625 768 valetudine
644 716 820 782 teneretur,
832 702 979 790 ejusdem
997 701 1098 790 parti·-

70 811 120 879 bus
131 815 273 894 functus,
288 813 373 879 inter
392 826 499 877 cetera
517 813 613 878 etiam
633 813 668 879 id
688 813 856 900 negotium
871 812 918 878 vel
932 812 1098 892 invidiam,

77 943 131 1008 que
154 925 196 991 de
224 923 402 989 Caeciliano
429 923 583 1010 episcopo
610 922 754 988 ecclesiae
780 922 949 987 catholicae
972 922 1099 988 videtur

79 1051 128 1097 csse
138 1045 314 1112 commota,
328 1030 371 1097 ad
385 1053 520 1097 examen
535 1054 631 1097 suum
652 1046 751 1120 atque
765 1030 946 1119 jussionem
962 1030 1099 1097 credidit

80 1160 129 1207 esse
145 1143 368 1208 revocandam.
412 1141 540 1207 Etenim
562 1164 636 1206 cum
651 1141 723 1230 jam
743 1140 916 1229 Superium
931 1140 1097 1206 centurio-

81 1267 184 1333 nen,et
195 1236 409 1319 Caecilianum
424 1253 650 1340 magistratum
662 1253 976 1340 Aptungitanorum,
987 1267 1022 1318 et
1037 1254 1099 1319 Sa·

81 1351 220 1439 luminum
241 1365 473 1450 (Saturianum)
497 1375 731 1444 excuratorem,
751 1375 784 1428 et
800 1362 967 1429 -Calibium
982 1362 1097 1452 junio·¹

81 1489 128 1550 ren
145 1471 291 1559 ejusdem
314 1473 450 1538 civitatis
469 1486 663 1553 curatorem,
677 1486 775 1560 atque
794 1473 948 1539 Solonem
970 1493 1098 1539 servum

80 1581 222 1662 publicum
249 1582 474 1670 suprascriptae
501 1583 638 1649 civitatis
665 1595 838 1669 praesentes
861 1604 931 1648 esse
955 1582 1099 1662 fecisset,

79 1684 251 1758 audientiam
266 1692 406 1779 praebuit
419 1702 673 1780 competentem,
684 1691 765 1758 adeo
779 1704 816 1758 ut
829 1707 905 1758 cum
923 1691 1099 1758 Caeciliano

75 1795 167 1887 iisset
180 1802 348 1890 objectum
363 1807 450 1894 quod
471 1830 491 1874 a
511 1808 617 1874 Felice
634 1807 741 1873 eidem
757 1807 962 1895 episcopatus
977 1807 1102 1875 videre-

70 1916 113 1981 tur
125 1936 194 1979 esse
213 1904 351 1998 delatus,
366 1919 420 1983 cui
438 1919 615 1991 divinarum
636 1920 864 2007 scripturarum
886 1919 1027 2006 proditio
1047 1930 1099 1985 st·
1189 1986 1191 1990 ,

66 2042 120 2108 que
132 2023 264 2089 exustio
284 2022 599 2116 videretur'objecta,
614 2029 820 2095 innocentem
843 2028 883 2094 de
901 2051 943 2094 eo
960 2029 1099 2095 Felicem

60 2132 153 2201 fuisse
167 2118 361 2202 constiterit.
386 2135 538 2227 Denique
553 2160 629 2206 cum
645 2136 811 2205 Misimus
829 2145 938 2221 (supra,
952 2143 1100 2222 Aproniu-

58 2248 123 2323 nus)
141 2243 334 2330 lugentium
354 2246 574 2314 Decurionem
592 2248 801 2336 Ziquensium
821 2247 959 2312 civitatis
977 2246 1101 2335 epistu-

54 2351 120 2417 lam
145 2352 313 2418 Caeciliani
332 2355 536 2422 exduumviri
561 2357 692 2422 falsasse
716 2356 937 2436 contenderet,
959 2338 1099 2422 eundem

53 2459 162 2548 ipsum
186 2462 374 2549 lugentium
394 2488 599 2553 suspensum,
620 2467 701 2532 actis
721 2489 794 2554 quae
816 2467 978 2544 suberant,
996 2465 1101 2553 pervi-

52 2569 175 2651 dimus,
188 2584 223 2635 et
243 2572 319 2637 ideo
337 2573 471 2638 minime
491 2588 614 2646 tortum
635 2574 723 2663 quod
745 2596 780 2640 se
801 2574 1021 2640 Decurionem
1043 2572 1101 2638 Zi-

54 2679 229 2766 quensium
245 2681 381 2747 civitatis
398 2684 631 2755 asseveraverit.
671 2683 768 2749 Unde
788 2684 936 2749 volumus
958 2695 997 2748 ut
1017 2704 1099 2749 eun-

54 2787 128 2853 dern
144 2789 253 2876 ipsum
272 2792 458 2877 lugentium
479 2796 540 2859 sub
560 2795 677 2859 idonea
695 2794 920 2881 prosecutione
937 2792 978 2858 ad
996 2791 1102 2857 comi-⁴

59 2911 159 2964 tatum
182 2922 293 2966 meum
311 2902 518 2969 Constantini
538 2901 682 2989 Augusti
706 2904 825 2983 mittas,
844 2917 881 2971 ut
902 2903 966 2968 illis
988 2903 1044 2990 qui
1066 2902 1100 2967 in

62 3009 298 3094 presentiarum
320 3025 433 3097 agunt,
455 3025 553 3099 atque
575 3013 734 3079 diuturnis
760 3013 875 3078 diebus
899 3014 1104 3099 interpellare¹

68 3114 302 3198 non'desinunt,
317 3118 521 3184 audientibus
535 3131 569 3183 et
581 3127 696 3185 'coram
711 3120 933 3189 assistentibus
947 3126 1101 3206 apparere

72 3232 100 3284 et
109 3223 244 3309 intimari
259 3227 362 3312 possit
378 3229 495 3294 frustra
507 3250 564 3293 eos
581 3229 758 3295 Caeciliano
774 3229 929 3316 episcopo
945 3228 1101 3305 invidiam¹

76 3347 363 3423 compararentque
382 3337 533 3404 adversus
552 3361 627 3405 eum
648 3339 803 3404 violenter
822 3338 990 3424 insurgere
1007 3337 1100 3402 volu·

81 3435 137 3506 isse.
176 3446 228 3510 lta
251 3446 337 3511 enim
363 3448 417 3513 fiet
441 3461 479 3513 ut
504 3449 641 3530 omissis,
667 3449 750 3515 sicut
774 3461 915 3535 oportet,
939 3447 1101 3536 ejusmodi

83 3554 329 3636 contentionibus,
350 3557 490 3649 populus
514 3559 581 3624 sine
603 3558 801 3626 dissensione
823 3559 930 3646 aliqua
950 3556 1104 3650 religioni

84 3661 197 3745 propriae
216 3684 292 3728 cum
313 3662 422 3735 debita
437 3652 642 3767 veneratione
653 3667 819 3757 deserviat.
854 3671 946 3755 Eunt
959 3671 995 3730 ad
1009 3691 1038 3754 p.
1049 3675 1100 3762 89,

83 3766 163 3828 rolli.
174 3774 289 3853 Mucell.
305 3774 403 3858 Steph.
418 3776 541 3855 Baluzii.
