2684 4740
181 325 242 395 172
278 253 516 376 ARCHELAI
534 310 592 376 ET
609 308 818 377 MANETIS
837 311 1129 380 DISPUTATIO.

175 480 326 567 quirebat
344 482 544 568 proforibus
562 477 724 561 Marcelli,
740 503 837 568 quem
851 504 926 548 cunr
946 505 1011 548 non
1031 481 1218 562 invenisset,
1244 518 1247 525 ·

174 588 218 653 ad
232 589 423 676 Marcellum
445 590 623 678 ingreditur
638 591 854 657 salutandum.
897 594 974 680 Quo
989 590 1044 656 ille
1058 590 1140 671 viso,
1155 590 1218 657 ad·

175 696 310 763 miratus
322 711 372 764 est
385 699 491 786 primo
504 700 632 764 habitus
649 699 858 779 indumenta3
881 698 1022 765 habebat
1040 699 1126 764 enim
1147 698 1218 765 cal·

174 807 332 872 ceamenti
353 829 467 895 genus,
490 808 578 894 quod
598 806 799 894 ‘quadrisole
816 808 914 895 vulgo
935 807 1087 896 appellari
1110 806 1215 888 solet3

174 914 308 1002 pallium
324 933 432 982 autem
448 918 581 996 varium,
595 928 748 1003 tanquam
762 917 893 981 saenna
909 911 1036 1003 specie3
1057 916 1091 981 in
1112 936 1215 982 mauu

173 1025 498 1093 vero.validissimum
525 1025 677 1090 baculum
704 1027 834 1090 tenebat
858 1048 897 1090 ex
919 1027 1009 1111 ligno
1033 1024 1213 1104 hebelittd3

173 1133 379 1201 Babilonium
393 1158 467 1202 vero
482 1136 600 1202 librum
621 1136 771 1222 portabat
784 1138 844 1201 sub
860 1136 986 1202 sinistra
1004 1135 1077 1214 alt3
1099 1133 1215 1201 icrura

172 1242 271 1308 etiam
287 1245 409 1310 braccis
423 1246 589 1311 obtexerat
608 1244 717 1310 colore
732 1245 867 1324 diverso,
883 1267 1019 1332 quarum
1042 1266 1108 1308 una
1126 1243 1212 1325 rufa,

172 1350 235 1415 alia
250 1352 336 1416 velut
348 1353 468 1440 prasini
482 1353 599 1419 coloris
613 1367 702 1419 erat:
722 1353 854 1420 kvultus
869 1376 942 1419 vero
956 1367 994 1419 ut
1007 1355 1091 1419 senis
1106 1355 1212 1418 Perse

172 1459 341 1540 artificis,
356 1474 389 1525 et
403 1462 563 1527 bellorum
579 1462 670 1527 ducis
685 1463 860 1528 videbatur.
905 1463 1012 1550 Igitur
1032 1441 1212 1528 Marcellus

169 1569 279 1634 statim
291 1569 333 1634 ad
345 1569 538 1636 Archelaum
551 1571 663 1650 mittit,
676 1572 732 1657 qui
746 1593 821 1636 cum
837 1572 934 1637 verbo
949 1572 1043 1638 citius
1056 1573 1212 1654 affuisset,

171 1677 278 1745 invehi
299 1680 331 1744 in
351 1701 426 1745 eum
444 1680 552 1744 animo
573 1680 749 1765 urgebatur
763 1703 803 1743 ex
822 1680 893 1766 ipso
911 1680 1091 1761 habitune
1104 1679 1212 1766 specie

171 1787 255 1875 ejus,
268 1787 320 1854 let
339 1790 477 1854 maxime
492 1789 634 1875 quidem,
649 1788 738 1875 quod
752 1802 787 1853 et
800 1812 874 1875 quae
887 1790 1039 1855 Turbone
1052 1789 1210 1855 referente

170 1910 386 1982 cognoverat3
409 1899 560 1962 secretius
580 1899 703 1964 factum
723 1898 810 1984 apud
832 1893 1039 1987 semetipsum
1054 1911 1209 1970 retractu·¹

171 2018 268 2086 verat,
282 2018 315 2070 et
335 2007 506 2094 diligenter
525 2023 721 2095 praeparatus
743 2009 923 2074 advenerat.
966 2012 1014 2075 At
1035 2030 1110 2075 vero
1132 2031 1207 2095 pru·

171 2115 378 2183 dentissimus
392 2119 569 2182 Marcellus
584 2120 673 2182 omni
687 2121 929 2184 contentionum
944 2118 1053 2184 studio
1068 2119 1206 2196 sublato3

170 2238 346 2315 utrumque
365 2229 475 2296 audire
496 2228 687 2307 mdecernit,
702 2228 839 2294 invitatis
859 2228 932 2293 viris
952 2227 1112 2316 primariis
1131 2227 1205 2315 ciri·

202 2436 214 2473 f
229 2440 313 2489 Codex
331 2440 465 2498 Bobiensis,
484 2437 601 2487 trisulium.
629 2439 708 2487 Persas
726 2439 779 2487 altis
800 2440 885 2488 calceis
903 2455 960 2490 usos
977 2440 1052 2488 fuisse
1072 2438 1106 2486 ait
1125 2437 1207 2486 Strabo

168 2520 211 2569 lib.
223 2531 262 2570 1⁵.

202 2604 216 2644 ἔ
232 2603 295 2650 Mire
303 2612 427 2665 corruptus
437 2613 473 2652 est
481 2603 522 2650 hic
531 2602 591 2650 Bob.
601 2601 654 2648 cod.
663 2601 721 2662 legit
729 2602 805 2657 enim,
818 2608 856 2649 atr
864 2601 958 2663 inaspici
967 2601 1032 2648 enim.
1051 2601 1138 2647 Murrus
1147 2614 1207 2646 veru.

202 2679 215 2717 ¹¹
233 2682 316 2732 Codex
325 2685 459 2742 Bobiensis,
472 2684 557 2732 ebilino.
574 2683 695 2731 Baculum
707 2697 738 2729 ex
749 2683 827 2729 ebeno
837 2694 939 2744 gestasse
951 2683 1090 2744 Prophetas,
1103 2681 1153 2728 hoc
1163 2689 1206 2736 ert,

169 2778 292 2812 sacrarum
311 2781 392 2815 rerum
410 2769 547 2829 interpretes
562 2782 593 2814 ex
612 2765 759 2812 Callisthene
779 2765 863 2825 probat
881 2765 1025 2826 Ducangius
1042 2764 1068 2810 in
1085 2761 1208 2810 clessam

167 2843 241 2891 verbo
250 2841 382 2896 ‘Minoae

203 2924 211 2958 ί
226 2925 274 2972 Hic
284 2924 373 2974 lacuna
383 2936 419 2974 est
430 2927 455 2974 in
467 2927 548 2974 oodice
560 2925 680 2973 Bobiensi.

202 3007 217 3045 k
234 3006 379 3065 Casinensis,
391 3007 469 3054 vultur
480 3017 535 3054 erat.

203 3103 222 3146 γ
240 3086 287 3149 [Ad
300 3088 353 3135 haec
364 3087 436 3135 verbu
447 3096 542 3149 praestst
553 3088 578 3134 in
590 3087 699 3135 medium
716 3087 818 3149 proferre
832 3103 888 3150 quae
901 3089 1071 3137 animadvertit
1081 3088 1207 3152 Philippus

169 3159 362 3215 liuonarruotius
381 3168 412 3215 V.
427 3169 455 3215 C.
478 3168 503 3214 in
526 3168 604 3229 Opere
622 3167 699 3215 Italici
719 3169 842 3230 inscripto,
866 3168 1025 3216 Osservaaioni
1045 3178 1111 3231 sopra
1133 3168 1208 3216 alcuni

117 3286 123 3291 .
171 3248 309 3296 Frammenti
318 3248 343 3294 dr·
356 3248 409 3296 Vari
421 3248 505 3295 antichi
515 3248 539 3294 di
550 3249 623 3305 Verre,
634 3251 697 3296 edito
708 3249 1033 3312 Florentiae1716.pag·69·
1060 3252 1159 3310 Quum,
1169 3253 1207 3300 ln·

168 3328 233 3389 quit,
244 3328 320 3388 hujus
336 3327 511 3389 Disputationis
522 3329 584 3374 Acta
601 3342 614 3372 e
631 3328 717 3376 Graeco
731 3329 780 3376 sint
795 3329 918 3386 translata,
930 3330 983 3376 haec
993 3329 1067 3377 verba
1077 3329 1173 3391 artificis
1184 3339 1207 3377 et

170 3409 290 3458 bellorum
302 3411 380 3466 ducis,
390 3425 446 3471 quae
456 3425 515 3457 cum
527 3408 715 3470 praecedentibus
727 3410 809 3457 minus
821 3419 883 3457 recte
898 3410 1032 3466 cohaerent,
1043 3424 1112 3457 versa
1125 3411 1209 3458 viden·

168 3502 210 3540 tur
225 3491 256 3539 ab
272 3492 398 3553 interprete
411 3492 454 3553 qui
470 3490 601 3551 exemplari
614 3491 731 3538 mendoso
747 3505 805 3538 usus
822 3492 902 3548 ruerit,
913 3491 1005 3552 quique
1020 3491 1056 3538 sic
1073 3490 1166 3554 legerit,
1179 3489 1206 3542 uir
1233 3488 1236 3492 ’

166 3569 280 3636 ὶημιυςγῧ
290 3571 329 3617 uui
340 3571 453 3635 reuersi,
463 3586 542 3634 quum
552 3572 635 3620 luisset
645 3570 786 3632 legendum,
798 3570 825 3622 eir
836 3569 953 3635 δημάρχου
963 3570 1003 3617 nul
1013 3569 1136 3636 sperauit
1150 3583 1208 3633 qua

167 3655 268 3717 proinde
276 3656 347 3705 verba
358 3657 405 3704 hoc
416 3667 486 3718 pacto
495 3658 607 3705 vertenda
614 3666 703 3714 essent,
713 3667 741 3704 ut
750 3671 792 3718 pro
801 3657 898 3704 artificis
909 3657 1003 3718 legatur
1008 3653 1121 3718 principis
1127 3651 1208 3718 populi

168 3737 219 3784 slve
230 3734 323 3794 tribuni,
335 3745 358 3784 et
369 3752 411 3799 pro
422 3737 525 3784 bellorum
540 3738 600 3784 ducit
614 3737 707 3799 legatur
719 3737 874 3799 magistratum
880 3737 986 3800 gerentis,
995 3736 1068 3796 Juxta.
1076 3737 1131 3784 vltn
1141 3735 1209 3785 voci!

169 3815 292 3882 egeruyir,
302 3832 357 3878 quse
366 3819 467 3879 quidem
481 3834 531 3866 non
548 3829 645 3866 tanturn
661 3818 764 3866 militare
778 3834 880 3875 munus,
890 3820 933 3866 sed
946 3820 1021 3866 etlam
1032 3816 1105 3865 civile
1116 3817 1210 3865 innuit.

170 3899 247 3959 ldque
255 3898 392 3945 confirmari
404 3909 481 3960 potest
488 3901 627 3947 auctoritate
638 3899 716 3946 Plauti
725 3899 751 3945 in
763 3897 893 3947 Curculione
900 3901 956 3947 Act.
965 3900 999 3947 ll.
1008 3899 1080 3946 Seen.
1089 3897 1125 3946 iii.
1134 3912 1172 3946 rs.
1182 3905 1209 3956 ⁶,

171 3988 192 4034 7.
205 3979 247 4027 ubi
258 3986 358 4039 utraque
369 3979 422 4026 haec
431 3993 489 4036 vox,
500 3993 559 4026 cum
570 3979 622 4026 aliis
633 3980 724 4027 muniis
734 3979 845 4028 civilibus
854 3981 972 4042 jungitur.
1005 3981 1052 4028 Nee
1061 3987 1211 4042 strategus·-

166 4077 206 4107 ruc
216 4059 341 4105 demarchus
352 4068 398 4107 eet.
415 4058 583 4119 Gruterus]

200 4139 207 4172 ¹
226 4141 309 4188 Codex
319 4140 441 4188 Bobiensis
453 4154 502 4187 non
514 4140 596 4198 habet,
608 4140 703 4205 quidem.

8 4160 105 4439 Ὗ
199 4225 220 4252 ¹²²
235 4221 317 4269 Codex
327 4221 464 4269 Casinensis
475 4219 548 4280 male,
559 4220 636 4270 cernit.
