2684 4740
340 306 614 379 contemnat
634 310 937 382 accentuum
962 311 991 380 1.
1146 329 1187 404 9¹

181 474 306 563 tplauit,
320 496 359 549 ut
376 504 454 548 cum
476 483 619 571 promoti
632 483 763 564 fuerint,
778 485 899 551 litteras
915 486 1073 573 accipiant
1088 488 1192 553 eccle·

176 583 290 658 duta
309 593 639 661 communicatoriae:
666 594 711 660 ita
731 609 853 675 tamen,
868 608 906 661 ut
926 596 959 661 in
978 595 1191 684 quibuscum-

176 722 221 788 qtu
230 703 306 770 locia
320 705 493 793 gesserint,
508 704 720 792 abepiscopo
735 705 880 793 ejusdem
901 703 966 771 loci
981 728 1060 772 cura
1074 705 1115 772 de
1130 707 1194 774 illie

96 830 99 850 ⁶
169 829 284 902 ngatur3
306 829 437 882 etcum
459 815 618 902 coeperint
635 827 750 881 contra
772 814 973 902 disciplinam
993 837 1102 903 agere,
1120 829 1192 883 tum

162 921 323 991 'demuma
340 923 572 991 commnione
591 922 814 991 excludantur.
860 924 1016 993 Similiter
1027 939 1062 992 et
1082 926 1123 994 de
1141 927 1194 994 hia

158 1033 207 1120 qm
219 1033 455 1121 rempublicam
468 1055 567 1121 cgere
579 1033 706 1101 voluat.
815 1090 818 1097 .
909 1088 912 1095 .

623 1153 723 1219 Vlll.

192 1256 272 1322 'De
289 1255 391 1336 Atria,
410 1254 502 1344 quod
520 1256 650 1343 propria
666 1251 742 1342 lege
759 1276 821 1321 aua
839 1268 977 1322 utuntur
996 1269 1034 1323 ut
1054 1258 1196 1348 rebapti-

142 1378 248 1446 nent3
266 1364 394 1452 placuit
409 1379 448 1432 ut
458 1365 486 1430 ai
499 1363 542 1430 ad
558 1364 729 1430 eccleciam
749 1365 865 1453 aliquia
880 1365 922 1432 de
938 1367 1051 1433 haereei
1067 1370 1197 1451 venerit,

139 1475 351 1561 interrogent
367 1496 446 1540 eum
466 1474 679 1564 symbolum
701 1457 735 1541 et
749 1475 776 1540 ai
791 1476 983 1563 perviderint
996 1500 1072 1544 eum
1088 1480 1120 1545 in
1137 1481 1197 1546 Pa-

147 1598 263 1666 nna-et
275 1585 372 1668 Filio,
385 1600 423 1652 et
442 1585 566 1673 Spiritu
587 1598 701 1652 nancto
718 1607 788 1651 ease
808 1587 1022 1674 baptizatum,
1035 1611 1152 1655 manue
1167 1589 1196 1655 ei

140 1699 279 1762 'tantum
289 1696 489 1783 imponatur,
497 1710 537 1762 ut
547 1695 686 1783 accipiat
695 1695 854 1782 Spiritum
868 1711 1029 1763 tanetum.
1055 1698 1158 1765 Quod
1171 1699 1199 1767 ei

138 1804 370 1893 interrogatus
382 1827 447 1871 nou
458 1804 660 1893 responderit
671 1805 1199 1894 hanoTrinitatem,·baptiaetur*.

187 1931 205 1963 *
223 1929 303 1984 MSS.
318 1931 408 1984 noctri‘
418 1940 534 2001 quatuor
550 1928 736 2000 antiquiedmi,
746 1928 846 2001 quippe
860 1947 990 1983 annorum
1000 1932 1045 2000 <ut
1055 1931 1148 1986 harum
1159 1950 1200 1988 re·

150 2031 212 2070 rum
229 2017 402 2072 aetimatorea
419 2017 549 2088 sentiunt)
564 2017 678 2089 amplius
691 2021 753 2071 800.
768 2016 877 2083 habent,
890 2016 934 2071 De
944 2017 1041 2073 Arriir.
1069 2019 1200 2076 Collectio

150 2107 387 2167 Canonum,vetua
405 2105 467 2161 MS.
480 2105 508 2158 in
526 2105 621 2159 eodem
639 2103 759 2175 Collegio
777 2101 918 2158 Pariaieuai
934 2104 995 2159 Soc.
1011 2106 1087 2172 lesu,
1097 2117 1127 2160 et
1140 2107 1200 2162 MS.

150 2193 273 2250 colbert.
286 2210 359 2247 num.
370 2199 449 2248 5141.
462 2203 491 2247 et
506 2191 615 2246 Merlini
629 2190 792 2261 aliorumque
803 2201 913 2244 vetustae
925 2190 1064 2259 editiones,
1076 2195 1203 2263 quemad·

150 2279 262 2354 modum
277 2279 433 2346 Gratianus,
446 2283 506 2333 109.
518 2278 563 2331 De
574 2277 702 2331 Consecr.
714 2275 775 2331 diat.
785 2282 811 2332 4.
827 2275 1014 2332 Derlrricnia.
1048 2279 1148 2350 Neque
1163 2279 1203 2333 ul·

150 2366 208 2419 lum
225 2364 304 2419 video
322 2364 451 2437 appellari
469 2362 600 2430 codicem,
609 2373 705 2434 praeter
722 2380 804 2416 unum
821 2361 964 2431 Tilianum,
975 2363 1004 2416 in
1021 2382 1074 2434 quo
1091 2365 1203 2435 legatur,

151 2451 201 2507 Dc
208 2451 295 2525 Afric,
304 2450 529 2522 quemadmodum
540 2448 631 2504 Suriue
643 2448 736 2516 edidit,
747 2467 827 2520 quem
838 2449 931 2503 Biniua
941 2461 970 2504 et
981 2449 1025 2503 alii
1036 2462 1099 2504 aunt
1108 2451 1202 2507 secun

151 2538 256 2592 Tamen
272 2536 300 2590 in
319 2537 434 2609 epistola
450 2536 586 2607 synodica,
602 2535 646 2590 De
657 2535 743 2608 Asrir,
756 2535 799 2588 vel
813 2534 858 2589 De
871 2534 977 2607 Africo,
993 2536 1101 2590 exhibet
1118 2537 1203 2591 codex

153 2612 216 2676 MS.
229 2621 335 2688 Pitheci,
348 2622 393 2693 qui
405 2639 476 2676 nunc
492 2633 533 2676 eat
551 2620 723 2677 colbertinus
740 2626 818 2676 1951.
854 2622 905 2690 (At
919 2622 1038 2676 nondum
1051 2623 1204 2694 prodierant

153 2708 259 2776 Ariani,
268 2708 296 2763 id
306 2709 377 2764 bene
387 2719 514 2764 mouente
525 2708 616 2778 Ittigio
630 2706 702 2762 Hiar.
713 2706 860 2804 &liemon
868 2707 1003 2849 Busan.
1011 2709 1035 2780 §.
1042 2712 1099 2783 44.)

432 2828 435 2835 ’
652 2829 714 2894 ῙΧ.

196 2938 349 3007 ²'De'hia
370 2939 427 3028 qui
448 2940 671 3005 confessorum
695 2936 819 3003 litteras
840 2937 991 3020 afferunt,
1010 2936 1145 3026 placuit,
1167 2951 1205 3005 ut

154 3048 293 3116 sublatis
307 3049 354 3115 eie
368 3049 485 3116 litteris
498 3048 659 3135 accipiant
674 3046 991 3114 communicatoriae.

658 3168 704 3234 X.

200 3259 430 3360 bDehi'a·i1ui
447 3269 607 3359 conjuges
626 3290 702 3336 suaa
719 3266 753 3335 ln
771 3268 933 3336 adulterio
948 3269 1206 3358 deprehendunt,

154 3392 191 3446 et
205 3380 305 3447 iidem
321 3394 398 3447 eunt
412 3381 634 3448 adolescentes
653 3379 776 3462 fideles,
790 3392 824 3445 et
840 3379 1052 3466 prohibentur
1072 3379 1207 3461 nubere,

154 3489 282 3579 placuit
301 3505 339 3557 ut
359 3491 392 3556 in
409 3480 567 3578 quantum
588 3490 693 3578 possit
712 3488 885 3555 consilium
904 3487 951 3554 eia
973 3487 1079 3570 detur,
1101 3511 1141 3556 ne
1162 3490 1207 3558 vi·

146 3598 308 3668 ventibus
322 3599 477 3666 u'xoribua
492 3601 574 3682 auia,
586 3600 665 3666 licet
679 3598 848 3679 adulteria,
860 3598 940 3665 aliae
954 3601 1125 3689 accipiant.

648 3719 712 3785 XI.
1105 3785 1108 3791 .

200 3821 283 3889 cDe
295 3819 414 3909 puellia
427 3820 587 3901 fidelibus,
602 3844 676 3910 quae
690 3821 868 3909 gentilibus
877 3821 1075 3911 junguntur,
1086 3823 1209 3911 placuit

156 3931 381 4019 ut'aliquanto
396 3943 544 4021 tempore
557 3954 577 3998 a
592 3932 825 3998 communione
837 3945 1035 4021 separentur.

190 4097 317 4148 ruralia.
326 4100 361 4148 ita
371 4098 471 4163 placuit.
538 4103 552 4131 2
564 4110 620 4153 1⁰9·
630 4098 670 4147 De
679 4097 780 4148 Cottum
789 4098 843 4148 diet.
854 4108 879 4150 4.
888 4096 1049 4148 DeArrianio.
1061 4096 1114 4155 Iu,
1124 4103 1184 4158 pm.
1192 4096 1211 4159 i,

156 4176 562 4247 waleramnum-ec.
603 4200 608 4209 ·
632 4190 645 4216 ·
658 4173 843 4231 atama-
890 4175 911 4219 -δ
923 4180 977 4238 lvo,
987 4177 1107 4243 pamelii.
1119 4185 1209 4256 neon

157 4261 557 4329 Augurinnfbfido-etoperilu,
569 4275 674 4328 euporo.
739 4263 851 4312 cilliba.
863 4275 903 4314 ιε.
914 4261 1062 4326 meaa,
1073 4258 1117 4308 lou
1128 4260 1181 4310 ela·
