2684 4740
169 307 234 371 224
267 287 507 354 ARCHELAI
526 289 584 354 ET
601 287 819 356 MANETIS:
830 280 1122 360 Dtsrurarsu.

167 457 254 521 et'in
276 457 442 542 Angelum
467 458 547 522 lucis
569 459 873 538 transformandum‚
887 472 929 532 et
949 460 1208 548 ministios‘ejua

165 565 246 629 tales
260 565 450 630 adventuros
471 566 716 651 praenoscimus,
731 580 764 632 et
777 569 872 654 signa
887 581 921 634 et
934 570 1084 656 prodigia
1098 569 1207 636 faetu-

165 691 231 750 ros,
247 671 310 736 ¹r'ta
324 683 371 750 ut,
392 672 419 736 si
437 672 650 758 possibilem,
668 675 764 739 atium
778 675 867 739 electi
880 675 1076 740 seducantur.
1098 712 1104 721 =
1121 676 1206 742 Quis

80 822 84 826 -
164 802 245 866 ergo
264 804 299 847 es
318 796 366 862 tu,
383 784 440 870 qui
459 799 562 872 neque
583 787 797 852 necessarium
818 788 958 875 aliquem
976 788 1088 853 locum
1110 789 1206 855 sorti·

163 902 216 956 tus
231 913 265 956 es
281 913 301 955 a
314 907 404 979 patre
418 907 476 978 tuo
488 896 627 964 Satanal
661 897 750 962 Nam
763 919 860 984 quem
874 909 1040 961 mortuum
1055 896 1205 976 suscitas,

164 1003 252 1089 quod
267 1004 457 1089 profluvium
477 1005 642 1092 sanguinis
663 1007 759 1086 sistis,
773 1006 874 1092 fquos
896 1007 966 1073 luto
984 1006 1064 1071 caeci
1086 1005 1202 1071 oculos

161 1111 292 1178 illinitus
308 1114 415 1178 videre
430 1115 530 1180 facis?
569 1116 709 1202 Quando
724 1116 916 1201 esurientem
937 1115 1063 1179 turbam
1088 1114 1203 1200 paucis

162 1221 301 1305 panibus
318 1223 442 1287 reficis?
488 1225 557 1288 Ubi
578 1245 675 1310 super
688 1245 787 1311 aquas
800 1222 933 1301 incedis,
948 1233 1004 1286 aut
1018 1221 1093 1308 quis
1107 1233 1141 1286 te
1156 1219 1203 1286 uit-

161 1327 210 1391 dit
233 1350 272 1391 ex
296 1328 358 1406 his,
380 1330 435 1415 qui
457 1331 490 1394 in
513 1332 717 1396 Hierusalem
743 1331 911 1396 habitant?
937 1332 1031 1395 Persa
1051 1328 1203 1410 barbare,

165 1457 229 1500 non
251 1437 440 1503 Graecorum
461 1438 594 1524 linguae,
609 1462 673 1504 non
687 1440 936 1526 AEgyptiorum,
953 1460 1018 1503 non
1033 1439 1203 1505 Romano·

160 1566 246 1623 rum,
259 1566 325 1608 non
339 1544 435 1609 ullius
449 1545 579 1610 alterius
594 1546 715 1632 linguae
730 1546 895 1611 scientiam
909 1545 1028 1610 habere
1041 1544 1183 1631 potuisti
1190 1569 1202 1624 ;

158 1654 239 1718 asad
263 1654 492 1719 Chaldaeorum
515 1656 632 1733 solum,
652 1678 724 1741 quae
748 1677 788 1719 ne
809 1655 843 1720 in
867 1676 1039 1720 numerum
1065 1653 1199 1740 quidem

158 1761 300 1848 aliquem
320 1763 466 1842 ducitur;
490 1763 614 1827 nullum
636 1763 736 1829 alium
754 1763 942 1851 loquentem
962 1747 1077 1828 audire
1094 1775 1200 1848 potes.

160 1871 300 1934 Nonita
315 1855 452 1957 Spiritus
466 1873 614 1951 Sanctus,
628 1872 714 1937 absit
727 1872 942 1950 hoe'malum,
963 1871 1021 1936 sed
1044 1871 1199 1937 omnibus

157 1978 281 2058 dividit,
297 1994 330 2044 et
343 1981 452 2044 omnia
466 1980 651 2066 linguarum
666 2002 787 2067 genera
801 1981 900 2060 novit,
915 1992 949 2045 et
963 1979 1112 2066 agnoscit
1126 1979 1198 2046 uui·

124 2176 127 2181 Ι
155 2110 254 2168 versa,
273 2102 306 2152 et
327 2089 477 2154 omnibus
489 2089 599 2153 omnia
612 2089 759 2168 efficitur,
773 2089 819 2154 ita
831 2103 868 2154 ut
879 2110 954 2154 eum
971 2089 1067 2155 etiam
1091 2089 1199 2155 cordis

156 2198 302 2283 cogitata
322 2219 385 2261 non
406 2197 538 2262 lateant.
580 2197 671 2264 Quid
689 2198 775 2262 euim
795 2198 873 2263 dicit
886 2198 1051 2284 Scriptura
1061 2200 1080 2262 l·
1098 2198 1199 2285 ⁹quia

156 2306 378 2393 unusquisque
399 2304 529 2391 propria
551 2328 608 2369 sua
629 2306 740 2392 lingua
760 2306 914 2372 audiebat<
926 2327 982 2392 per
1002 2306 1197 2377 Paraelitum

157 2414 312 2500 Spiritum
340 2412 508 2500 loquentes
530 2414 729 2499 Apostolos?
769 2415 833 2479 Sed
855 2414 935 2501 quid
956 2413 1096 2501 amplius
1116 2413 1196 2480 hdi·

155 2520 259 2585 cabo?
297 2521 403 2586 Barba
427 2521 584 2586 Sacerdos
606 2522 753 2601 Mithrae,
774 2534 809 2585 et
830 2522 984 2601 collusor,
1007 2521 1107 2585 solem
1122 2503 1196 2586 tan-

154 2641 224 2692 tum
241 2631 328 2695 coles
341 2628 500 2697 Mithram
515 2628 675 2695 ilocorum
694 2628 907 2719 mysticorum
931 2627 1196 2708 illuminatorem,

152 2752 190 2804 ut
206 2739 356 2826 opinaris,
370 2751 403 2804 et
418 2739 597 2817 conscium,
611 2740 674 2803 hoc
690 2751 739 2803 est
755 2739 843 2825 quod
858 2738 945 2825 apud
966 2759 1022 2800 eos
1041 2736 1147 2817 ludes,
1162 2750 1196 2805 et

155 2860 309 2934 tanquam
324 2849 454 2932 elegans
471 2849 589 2914 mimus
608 2869 743 2934 perages
766 2845 930 2934 mysteria.
974 2847 1098 2912 Verum
1113 2847 1196 2932 quid

185 3035 196 3074 f
213 3045 242 3090 ln
255 3041 389 3098 Casinensi‚
403 3040 468 3088 Quod
477 3040 530 3087 Iuro.
1113 3081 1115 3084 ,

183 3124 197 3163 8
214 3122 386 3170 Chaldaeorum
398 3122 518 3182 siquidem
530 3122 640 3183 linguam
653 3122 756 3184 Syriacae
767 3121 899 3170 dialectum
915 3135 965 3168 esse
979 3121 1048 3169 tradit
1059 3121 1194 3170 Abulfara·

150 3204 205 3266 gius
217 3204 243 3250 in
256 3203 362 3250 Historia
372 3204 545 3264 Dynastiarurn
557 3217 611 3264 pag.
623 3214 660 3250 11.

184 3282 196 3321 h
208 3285 245 3332 lta
258 3284 284 3330 in
300 3285 382 3331 codice
393 3283 527 3339 Casinensi,
539 3283 604 3344 quod
618 3292 700 3330 tamen
712 3282 826 3330 nonnulli
839 3283 936 3329 fortasse
947 3281 1133 3330 emendandum
1144 3297 1192 3345 pu·

149 3374 228 3411 tarent
244 3365 291 3410 hoc
308 3374 387 3425 pacto,
407 3362 469 3409 Quid
482 3361 577 3421 amplius
593 3362 688 3408 dicam?
714 3360 825 3408 Barbare.
854 3362 900 3408 Sed
911 3360 961 3408 fieri
973 3369 1060 3422 potest,
1072 3370 1100 3408 ut
1114 3363 1193 3410 verbo

150 3446 225 3492 dicare
240 3460 299 3494 usus
315 3446 347 3492 sit
362 3445 427 3493 rudis
444 3445 556 3504 interpres
575 3457 617 3504 pro
634 3445 788 3501 contendere,
806 3444 887 3490 dicam
904 3443 1007 3502 trahere,
1022 3442 1063 3490 rel
1078 3443 1191 3493 diescens

151 3541 210 3576 esse.
393 3573 408 3590 s

182 3608 189 3642 ¹
206 3608 270 3655 Quae
286 3615 421 3667 sequuntur
431 3606 516 3652 nostris
528 3604 672 3664 conjecturis
684 3605 885 3663 emendavimus;
902 3604 996 3652 namin
1008 3602 1137 3655 Casinensi
1148 3620 1191 3655 co·

149 3689 203 3736 dice
220 3689 262 3734 hic
280 3688 340 3734 mire
358 3695 468 3746 corrupto
486 3685 607 3741 scribitur,
626 3684 718 3731 locorum
736 3685 884 3748 mysteriorum
901 3683 1081 3732 illuminatorem.
1114 3687 1190 3744 Mox,

112 3749 113 3752 i
148 3769 210 3831 apud
218 3784 250 3814 ros
261 3767 326 3812 ludis.
360 3767 390 3814 Et
401 3767 470 3823 infra,
486 3764 613 3812 adueniat?
629 3765 734 3812 suscitans
750 3767 866 3812 mortuos?
878 3776 933 3828 pene
948 3782 1015 3831 usque
1024 3767 1057 3812 ad
1063 3768 1190 3829 gebennam

147 3864 218 3897 omnes
231 3858 369 3910 persequens,
386 3846 424 3909 qui
442 3845 461 3890 ri
477 3855 503 3890 ut
519 3845 666 3906 obtemperare
683 3843 785 3902 noluerit,
800 3843 907 3905 plurimos
923 3846 1032 3892 deterrens
1049 3848 1190 3909 arrugmtiae

146 3939 213 3976 metu.
248 3926 312 3974 Quod
321 3936 353 3972 est
363 3925 407 3985 ipre
416 3925 565 3980 circundatus.
577 3924 629 3971 aliis
637 3925 726 3971 adhibet
735 3924 806 3970 miuus
817 3923 894 3971 vultur
905 3925 940 3971 rui
951 3925 1089 3973 emersione
1099 3928 1191 3986 circua-

145 4007 205 4054 dario
215 4005 326 4067 tudficar.
349 4003 396 4051 Sed
407 3999 456 4048 &a
485 4003 572 4051 Manes
582 4014 665 4053 autern
676 4013 791 4064 tanquam
805 4003 906 4054 Mithra
917 4005 1029 4054 Sacerdos
1041 4008 1188 4069 traducitur,

143 4090 203 4151 quia
212 4088 290 4136 solem
301 4084 476 4135 venerabantur
486 4084 630 4144 Manichaei,
641 4094 669 4133 ut
679 4084 856 4152 alibipsteudo.

397 4207 409 4242 ⁸
426 4209 498 4262 Matt.
509 4211 574 4260 xxiv.
587 4222 627 4261 st.
734 4211 748 4248 ⁹
765 4210 817 4258 A&
830 4210 854 4266 ii.
867 4218 891 4261 ⁶.
