2684 4740
293 611 921 716 ANNOTATIONEs
1002 686 1025 726 4
1105 709 1110 717 .

73 794 76 798 Α
166 830 206 899 Ι.
562 870 605 913 m

101 1019 481 1114 FRAGMENTUM
511 1028 739 1113 INCERTI
770 1026 1082 1109 SCRIPTORIS

213 1240 278 1303 m:
301 1240 498 1306 canons
520 1240 554 1304 s.
573 1236 951 1315 scurrruuaauur.

446 1435 723 1488 ...φ-

61 1556 255 1669 PRIMUS
278 1605 479 1670 Muratorius
498 1603 704 1668 veterrimum
725 1603 790 1667 hoc
809 1601 910 1667 edidit
931 1601 1109 1687 Fragmen-

59 1705 142 1766 tum,
161 1690 192 1752 in
210 1690 332 1776 quode
347 1690 481 1754 Canone
500 1691 533 1752 N
537 1690 588 1753 ovi
604 1689 805 1754 Testamenti
823 1689 941 1774 agitur.
987 1689 1018 1750 ls
1035 1706 1109 1750 vero

57 1774 91 1837 in
107 1775 349 1860 Antiquitatum
368 1775 552 1839 Italicorum
568 1775 673 1838 Medii
686 1775 767 1838 AEvi
789 1787 882 1837 tomo
901 1772 946 1836 iii.
970 1770 1109 1836 Mediol.

60 1872 150 1935 1740.
172 1861 213 1923 de
233 1860 345 1924 codice
366 1862 479 1939 msto,
496 1882 535 1924 ex
551 1882 617 1946 quo
633 1860 719 1923 idern
735 1860 940 1944 desumptum
964 1870 1023 1936 est,
1039 1857 1111 1920 haec

56 1945 239 2028 praemisit:
267 1946 371 2010 “Sed
388 1947 524 2095 quando
547 1947 706 2030 coepimus
729 1946 858 2009 vulnera
880 1943 989 2008 rimari
1010 1943 1112 2016 literis

57 2035 81 2068 ‘'‘
98 2030 231 2108 inflicta,
246 2031 323 2095 dum
348 2054 386 2096 ru
410 2054 441 2095 ra
459 2031 579 2095 saecula
599 2031 817 2108 decurrerent,
834 2035 873 2094 ne'
894 2029 957 2093 hoc
978 2028 1109 2114 quidem

55 2114 366 2180 “dissimulandum
386 2132 447 2196 est,
462 2116 720 2202 imperitissimos
739 2128 771 2179 et
794 2115 1032 2180 indoctissimus
1050 2113 1112 2176 ho-

55 2201 201 2263 “mines
222 2202 366 2285 erebrius
389 2224 486 2288 quarn
510 2215 604 2266 antea
625 2201 724 2266 fuisse
746 2201 909 2266 adhibitos
931 2200 972 2264 ad
993 2198 1112 2263 exscri-

56 2291 83 2323 “
100 2287 225 2349 bendos
240 2286 381 2366 codices,
395 2310 477 2373 quos
493 2301 663 2372 propterea
677 2288 836 2351 erroribus
852 2308 890 2351 ac
905 2285 1055 2351 sordibus
1069 2284 1112 2347 ad

57 2375 84 2408 “
100 2393 252 2434 nauseam
275 2395 378 2458 usque
401 2372 539 2458 repletos
563 2373 717 2436 intueare.
763 2375 811 2435 Ex
832 2372 882 2435 his
901 2393 965 2435 non
989 2391 1111 2456 paucos

56 2460 82 2493 “
99 2477 167 2540 prae
189 2457 339 2520 manibus
362 2457 474 2535 habui,
497 2471 530 2521 et
553 2459 737 2556 exemplum
761 2458 884 2521 adferre
901 2456 1005 2542 juvat,
1023 2451 1112 2539 quod

57 2545 83 2578 “
99 2563 166 2603 non
180 2564 247 2606 uno
265 2543 406 2622 nomine,
422 2542 481 2606 nisi
498 2543 579 2606 mibi
592 2543 686 2606 facile
699 2543 858 2618 blandior,
873 2541 980 2604 lucem
996 2560 1113 2625 expos-

58 2630 87 2663 “
105 2647 177 2688 cere
190 2627 325 2691 videtur.
362 2627 522 2692 Adservat
544 2628 758 2690 Ambrosiana
779 2624 1031 2690 Mediolanensis
1054 2623 1112 2687 Bi·

60 2715 88 2747 “
106 2709 267 2774 bliotheca
288 2714 569 2777 membranaceum
591 2711 762 2790 Codicem,
780 2733 799 2773 e
821 2711 975 2774 Bobiensi
997 2730 1113 2794 accep·

59 2800 86 2833 ‘⁴
99 2807 185 2876 tum,
196 2797 290 2883 cujus
305 2799 478 2883 antiquitas
491 2820 583 2883 paene
597 2797 638 2861 ad
655 2820 754 2861 annos
768 2797 856 2860 mille
868 2795 1020 2860 accedere
1030 2795 1114 2859 milii

58 2885 85 2918 “
101 2880 167 2944 visa
180 2897 242 2945 est.
274 2883 418 2968 Scriptus
431 2884 518 2946 enim
534 2883 597 2946 fuit
610 2883 710 2947 literis
726 2881 913 2968 majusculis
927 2893 960 2945 et
974 2881 1113 2966 quadra·

60 2971 87 3003 “
105 2965 156 3028 tis.
196 2967 325 3030 Titulus
339 2969 488 3053 praefixns
504 2968 613 3032 omnia
629 2968 742 3032 tribuit
756 2967 897 3032 Jobanni
913 2967 1112 3053 Chrysosto·

59 3055 84 3089 “
100 3072 168 3129 mo,
185 3052 244 3114 sed
263 3052 457 3116 immerito.’'
481 3075 514 3138 p.
531 3067 600 3117 851.
638 3055 724 3116 Tum
739 3075 812 3117 vero
828 3053 952 3116 caeteris
968 3051 1113 3116 tractati-

59 3134 137 3213 bus,
151 3137 207 3220 qui
223 3136 255 3199 in
271 3136 383 3202 codice
398 3138 615 3216 continentur,
629 3138 826 3216 memoratis,
839 3137 946 3222 pergit
957 3136 1002 3199 vir
1014 3136 1054 3200 cl.
1069 3136 1115 3201 its

60 3220 224 3284 scriberet
249 3229 273 3260 ‘⁶
288 3224 335 3285 Ex
351 3222 466 3286 eodem
482 3245 563 3309 ergo
579 3223 691 3287 codice
708 3245 772 3308 ego
789 3222 933 3306 decerpsi
951 3221 1115 3307 fragmen-

60 3309 87 3342 “
105 3315 175 3368 tum
194 3307 468 3392 antiquissimum,
484 3309 525 3371 ad
542 3309 708 3372 Canonem
729 3308 907 3371 divinarum
930 3308 1113 3392 Scriptura-

60 3393 88 3427 “
106 3411 178 3452 rum
193 3406 353 3475 spectans·
390 3394 485 3458 Nulli
499 3393 675 3479 diligentiae
689 3393 833 3478 peperci,
852 3405 886 3456 ut
903 3393 972 3478 ejus
986 3395 1114 3457 Aucto-

60 3478 86 3512 “
104 3495 171 3535 rem
195 3475 392 3562 detegerem,
406 3477 567 3626 simulque
590 3499 750 3555 rescirem,
768 3501 846 3542 num
866 3477 1023 3541 hactenus
1047 3476 1116 3541 edi-

60 3564 86 3597 “
104 3570 176 3621 tum
198 3560 305 3625 fuerit.
350 3563 425 3627 Nisi
439 3585 492 3626 me
521 3562 689 3627 efellerunt
702 3564 802 3642 oculi,
818 3575 875 3626 aut
895 3562 1114 3648 complurium

60 3649 86 3683 “
101 3642 260 3708 librorum
276 3646 433 3725 defectus,
448 3670 544 3733 quem
559 3671 625 3712 non
639 3650 739 3712 semel
755 3648 864 3726 dole03
882 3670 1040 3734 nusquam
1056 3648 1114 3712 de-

62 3729 263 3812 “prehendi
282 3732 484 3831 evulgatum,
505 3755 543 3796 ac
565 3747 737 3820 propterea
759 3755 832 3819 spes
855 3734 934 3796 mihi
956 3745 1114 3819 superest,

61 3817 85 3852 “
98 3813 175 3877 'fore
197 3829 234 3878 ut
259 3815 412 3880 libentius
439 3818 661 3894 electoribus
683 3820 869 3905 accipiatur,
892 3841 929 3882 ac
952 3819 1114 3905 praecipue'

61 3904 88 3937 “
106 3899 195 3984 quod
210 3900 433 3987 antiquitatem
450 3903 594 3969 redoleat
608 3925 736 3968 summe
751 3905 1000 3968 venerabilem.''

106 3984 237 4048 Deinde
253 3987 396 4051 ostendit
411 3988 535 4073 opinari
551 4012 585 4053 se
600 3991 812 4068 Muratorius,
823 3989 1029 4054 tribuendum
1043 4008 1113 4052 esse

60 4069 298 4154 Fragmentum
315 4071 398 4136 Caio
412 4075 555 4138 ecclesiae
578 4077 733 4139 Romanae
753 4077 955 4161 presbytero,
979 4073 1034 4158 qui
1053 4073 1113 4136 ilo-

59 4153 139 4221 ruit.
155 4157 276 4220 saeculo
298 4171 434 4222 exeunte
456 4160 611 4224 secundo.
656 4160 748 4225 Idem
771 4161 895 4224 censuit
917 4179 1048 4244 quoque
1061 4159 1113 4224 cl.

57 4237 259 4306 Gallandius
278 4242 311 4306 in
335 4243 574 4330 Prolegomenis
598 4246 730 4328 tomiii.
746 4244 949 4310 Bibliothecae
965 4266 1031 4308 sua
1048 4246 1112 4309 'Pu-
1198 4264 1204 4271 “
