2684 4740
151 304 212 388 176
247 303 484 371 ARCHELAI
505 306 561 372 ET
581 305 788 409 MANsTls
808 304 1104 395 DISPUTATIO.

146 473 201 537 illa
216 495 289 539 vero
302 487 499 542 veterascens
518 488 551 540 et
573 498 739 541 senescens
760 497 861 562 prope
876 477 1105 542 exterminium
1121 476 1188 541 fiat:

147 582 247 668 Quod
269 585 474 650 manifestum
497 598 546 650 est
566 585 628 664 his,
644 585 700 671 qui
722 584 948 651 discretionem
971 585 1093 649 habere
1110 604 1181 671 pos·

148 705 222 757 sunt
232 716 241 772 3
264 696 339 780 quia
360 696 444 761 sicut
462 694 584 760 arboris
602 716 677 759 cum
699 695 859 761 senuerint
877 695 969 775 rami,
982 695 1036 760 vel
1053 695 1181 761 truncus

147 802 289 867 fructum
311 805 396 869 ultra
421 827 485 869 non
510 803 611 883 affert,
637 802 693 867 sed
720 803 963 884 abscinduntur,
985 816 1022 869 et
1042 805 1181 869 membra

146 930 333 996 corporum,
348 935 423 977 curn
439 925 592 998 corrupta
611 912 738 991 fuerint,
753 925 981 998 amputanturz
1005 912 1180 999 corruptio·

146 1021 196 1087 nis
211 1023 295 1087 enim
312 1024 396 1087 virus
411 1045 450 1087 ex
465 1022 618 1087 membris
634 1043 690 1107 per
705 1043 801 1085 omne
816 1044 934 1108 corpus
946 1022 1142 1103 infunditur,
1153 1036 1180 1088 et

147 1130 207 1196 nisi
221 1131 349 1197 artificis
365 1132 532 1218 diligentia
547 1130 725 1195 remedium
741 1131 874 1196 morbus
886 1132 1060 1217 acceperit,
1070 1154 1178 1219 eorpus

146 1260 243 1303 omne
257 1240 403 1319 vitiatum
426 1240 472 1304 its
486 1261 565 1326 ergo
585 1255 620 1304 et
640 1238 828 1325 recipientes
849 1239 969 1327 legem,
985 1241 1049 1306 nisi
1062 1262 1178 1328 cogno·

146 1348 252 1413 veritis
268 1351 360 1436 cujus
375 1350 427 1429 sit,
441 1349 564 1413 animas
581 1371 655 1413 cum
670 1348 774 1413 salute
789 1348 939 1435 perdetis.
975 1350 1076 1416 ⁴Len
1094 1350 1175 1432 enin,

146 1467 176 1521 et
195 1458 358 1542 prophetoe
376 1481 472 1546 usque
493 1458 535 1523 nd
549 1460 700 1523 Jounnem
721 1458 915 1544 Baptistam,
929 1482 950 1524 a
966 1461 1096 1525 Joaune
1112 1480 1175 1525 vero

146 1566 364 1647 luventatis,
380 1568 431 1632 lex
451 1567 712 1654 promissionum,
726 1567 778 1632 lex
800 1569 967 1649 caelorum,
987 1569 1044 1634 lex
1062 1590 1174 1635 annuu-

146 1677 245 1741 tiutur
259 1676 402 1741 humano
414 1677 526 1763 generi
541 1699 633 1742 nova.
676 1677 835 1764 Equidem
849 1677 953 1744 donee
967 1700 1035 1743 non
1049 1692 1119 1745 eret
1131 1676 1175 1766 qui

147 1787 341 1852 verissimam
363 1787 531 1853 scientiam
549 1785 685 1851 Domini
705 1788 804 1852 nostri
823 1790 902 1853 Jesu
921 1789 1015 1853 vobis
1034 1786 1174 1854 ostende·

145 1908 207 1974 ret,
230 1910 399 1981 peceatum
422 1919 487 1961 non
509 1896 695 1961 habebatis:
718 1918 804 1963 nuno
824 1911 936 1966 sutem
956 1910 992 1962 et
1013 1896 1174 1977 videtistt

147 2003 275 2083 auditis,
291 2018 347 2070 aet
366 2005 398 2070 in
414 2005 554 2071 inscitias
567 2005 615 2071 ire
628 2004 735 2086 vultis,
749 2018 787 2071 ut
799 2005 917 2093 legem,
932 2028 1009 2093 quae
1024 2004 1174 2071 desmcu

147 2126 198 2178 est
212 2126 244 2177 et
258 2113 382 2193 relicta,
406 2114 514 2180 bsieut
531 2114 658 2193 Paulus,
677 2114 732 2201 qui
754 2114 842 2201 apud
862 2136 919 2179 vos
939 2115 1174 2202 probatissimo

146 2222 293 2301 habetur,
308 2222 354 2287 sit
372 2224 405 2287 in
422 2221 561 2310 quadum
583 2221 720 2308 epistola
741 2244 799 2287 sua
819 2222 883 2288 hoc
902 2222 1020 2303 modo,
1036 2221 1093 2288 ⁵Si
1105 2221 1174 2287 eain

145 2354 220 2419 quoe
244 2331 397 2412 destruxi,
422 2331 489 2395 toec
514 2332 628 2396 iterum
652 2330 816 2417 reoedifico,
835 2330 1114 2416 praevaricatoresve
1137 2351 1174 2394 nu

146 2443 306 2507 constituo.
338 2444 413 2508 Hoc
429 2458 538 2508 autem
554 2441 643 2521 dicit,
657 2442 794 2528 gentiles
808 2464 865 2508 eos
873 2442 1039 2530 judicans,
1055 2456 1175 2530 propter

146 2552 235 2640 quod
250 2552 311 2618 sub
325 2552 491 2617 elementis
510 2551 622 2616 mundi
642 2564 761 2631 esseut,
777 2552 964 2639 priusquam
980 2553 1104 2618 veniret
1116 2552 1174 2639 ple

145 2660 261 2727 nitudo
275 2660 360 2740 fidei,
375 2662 539 2726 eredentes
554 2661 587 2724 in
600 2660 684 2745 iege,
698 2673 733 2724 et
746 2659 943 2746 prophetis⁶.

189 2772 284 2836 XIV.
305 2772 326 2835 J
330 2791 472 2835 umens
491 2789 709 2847 orxsnunr,
723 2767 851 2854 Siquid
865 2769 972 2834 adhuc
984 2768 1175 2843 manifestius

146 2880 247 2945 hebes
260 2879 313 2944 dic
327 2879 369 2944 de
383 2879 539 2944 doctrine
554 2892 619 2943 tuae
636 2878 748 2956 modo,
760 2890 796 2942 et
809 2877 883 2942 fidei
896 2878 1004 2943 titulo.
1042 2880 1175 2944 Munus

149 3008 277 3067 nrxlr,
293 2990 368 3075 Ego
380 2987 461 3052 duas
476 3000 604 3051 naturas
617 3008 688 3050 esse
702 2987 789 3066 dico,
801 3009 898 3051 unam
912 2987 1047 3067 bonam,
1057 2998 1095 3052 et
1107 2987 1177 3052 slte-

146 3121 216 3165 mur
236 3098 367 3177 niolam,
383 3112 414 3163 et
430 3120 501 3162 enm
516 3100 659 3184 quidem,
674 3124 747 3186 quae
768 3101 854 3164 bona
866 3114 927 3179 est,
942 3101 975 3164 in
988 3100 1177 3188 quibusdan

147 3208 292 3297 partibus
312 3208 475 3286 habitam
497 3209 616 3273 malam
635 3232 709 3273 vero
729 3232 799 3273 esse
818 3224 886 3273 tam
904 3209 1067 3275 mundum
1089 3209 1177 3284 hune,

147 3342 245 3407 quum
260 3317 380 3387 omniu.
391 3342 465 3405 quse
480 3317 513 3382 in
527 3340 568 3382 eo
583 3334 669 3398 sunt,
678 3342 751 3404 quae
763 3320 855 3406 quusi
868 3319 1035 3404 ergastula
1047 3319 1084 3383 in
1097 3328 1179 3405 purte

147 3429 282 3515 maligni
304 3429 408 3515 posita
427 3442 514 3503 sunt,
533 3430 616 3493 sicut
636 3429 682 3493 ait
699 3430 849 3506 Joannes,
864 3428 981 3491 ’Totus
1000 3423 1180 3491 mundusis

149 3538 287 3623 rnniigno
305 3548 351 3601 est
369 3537 512 3622 positus.-
535 3554 570 3601 et
583 3559 648 3603 uon
662 3537 695 3600 in
715 3537 801 3600 Deo.
847 3537 1020 3621 Propterea
1031 3535 1103 3600 duo
1115 3535 1182 3600 lou

146 3668 217 3711 osse
231 3646 381 3723 diximus,
395 3669 496 3710 unum
510 3648 647 3724 bonum,
662 3660 695 3707 et
717 3645 828 3722 aliurn,
842 3645 900 3730 qui
917 3657 1010 3709 extra
1029 3666 1109 3708 eum
1126 3654 1183 3721 est,

147 3774 183 3823 ut
198 3757 231 3821 iu
246 3757 296 3820 his
310 3757 450 3842 spatium
463 3756 598 3835 habens,
612 3774 723 3841 posset
735 3755 768 3818 in
782 3777 817 3818 se
828 3753 991 3839 suscipere
1003 3767 1182 3819 creaturam

146 3866 272 3933 mundi.
316 3866 351 3929 Si
372 3866 458 3929 enim
481 3864 619 3929 dicimus
641 3864 860 3928 monarchiam
879 3862 975 3925 unius
996 3874 1138 3943 natum,
1154 3872 1186 3927 et

179 4042 436 4100 wiri-memmius:
453 4040 523 4087 nure.
535 4036 662 4099 eri-fin.
681 4036 858 4098 (innodetis
872 4050 917 4096 pm
930 4035 1017 4085 aditu
1031 4035 1188 4098 legendsid.

145 4122 217 4171 leun.
227 4136 269 4169 se,
276 4118 329 4175 uu)

178 4200 193 4238 δ
209 4202 283 4253 Deest
293 4203 402 4261 imm
412 4201 541 4257 dumis,
550 4200 589 4249 rel
599 4203 659 4263 quii
668 4201 757 4249 simile.

177 4306 377 4357 *turasius
452 4303 620 4355 *cudiss-
699 4302 866 4355 ‘Mins
946 4306 1159 4357 timuis·
