<?xml version="1.0" encoding="UTF-8"?>
<!DOCTYPE html PUBLIC "-//W3C//DTD XHTML 1.0 Transitional//EN"
    "http://www.w3.org/TR/xhtml1/DTD/xhtml1-transitional.dtd">
<html xmlns="http://www.w3.org/1999/xhtml" xml:lang="en" lang="en">
 <head>
  <title>
</title>
<meta http-equiv="Content-Type" content="text/html;charset=utf-8" />
  <meta name='ocr-system' content='tesseract 3.04.00' />
  <meta name='ocr-capabilities' content='ocr_page ocr_carea ocr_par ocr_line ocrx_word'/>
</head>
<body>
  <div class='ocr_page' id='page_1' title='image "./reliquiaesacrae10routgoog_0378.png"; bbox 0 0 2684 4740; ppageno 0'>
   <div class='ocr_carea' id='block_1_1' title="bbox 274 331 1190 421">
    <p class='ocr_par' dir='ltr' id='par_1_1' title="bbox 274 331 1190 421">
     <span class='ocr_line' id='line_1_1' title="bbox 274 331 1190 421; baseline 0.005 -23"><span class='ocrx_word' id='word_1_1' title='bbox 274 332 327 399; x_wconf 90' lang='lat' dir='ltr'><strong>IN</strong></span> <span class='ocrx_word' id='word_1_2' title='bbox 348 333 382 398; x_wconf 85' lang='lat' dir='ltr'><strong>S.</strong></span> <span class='ocrx_word' id='word_1_3' title='bbox 402 331 615 400; x_wconf 84' lang='lat' dir='ltr'>DIONYSII</span> <span class='ocrx_word' id='word_1_4' title='bbox 636 332 752 399; x_wconf 87' lang='lat' dir='ltr'><strong>LIBB.</strong></span> <span class='ocrx_word' id='word_1_5' title='bbox 771 333 835 399; x_wconf 78' lang='lat' dir='ltr'><strong>Du</strong></span> <span class='ocrx_word' id='word_1_6' title='bbox 854 331 1061 400; x_wconf 85' lang='lat' dir='ltr'>NATURA.</span> <span class='ocrx_word' id='word_1_7' title='bbox 1125 348 1190 421; x_wconf 81' lang='lat'><strong>377</strong></span> 
     </span>
    </p>
   </div>
   <div class='ocr_carea' id='block_1_2' title="bbox 142 502 1280 3858">
    <p class='ocr_par' dir='ltr' id='par_1_2' title="bbox 142 502 1246 767">
     <span class='ocr_line' id='line_1_2' title="bbox 188 502 1246 592; baseline 0 -20"><span class='ocrx_word' id='word_1_8' title='bbox 188 509 226 572; x_wconf 89' lang='lat' dir='ltr'><strong>P.</strong></span> <span class='ocrx_word' id='word_1_9' title='bbox 237 502 345 572; x_wconf 60' lang='lat' dir='ltr'><strong>atui.</strong></span> <span class='ocrx_word' id='word_1_10' title='bbox 357 519 389 571; x_wconf 86' lang='grc'><strong>5.</strong></span> <span class='ocrx_word' id='word_1_11' title='bbox 412 512 425 569; x_wconf 85' lang='grc' dir='ltr'>ὁ</span> <span class='ocrx_word' id='word_1_12' title='bbox 444 505 618 591; x_wconf 74' lang='grc' dir='ltr'><strong><em>φιλικρίιωι]</em></strong></span> <span class='ocrx_word' id='word_1_13' title='bbox 641 506 773 592; x_wconf 86' lang='lat' dir='ltr'><strong>Optime</strong></span> <span class='ocrx_word' id='word_1_14' title='bbox 790 504 937 570; x_wconf 85' lang='lat' dir='ltr'><strong>rescribit</strong></span> <span class='ocrx_word' id='word_1_15' title='bbox 952 507 1093 592; x_wconf 87' lang='lat' dir='ltr'><strong>Vigerus</strong></span> <span class='ocrx_word' id='word_1_16' title='bbox 1108 512 1212 591; x_wconf 69' lang='lat' dir='ltr'><strong>ips-¹</strong></span> <span class='ocrx_word' id='word_1_17' title='bbox 1240 518 1246 526; x_wconf 75' lang='grc'><em>“</em></span> 
     </span>
     <span class='ocr_line' id='line_1_3' title="bbox 142 590 1192 680; baseline 0.001 -22"><span class='ocrx_word' id='word_1_18' title='bbox 142 602 287 680; x_wconf 78' lang='grc' dir='ltr'><strong><em>λσιφινὸιν.</em></strong></span> <span class='ocrx_word' id='word_1_19' title='bbox 331 593 448 657; x_wconf 82' lang='lat' dir='ltr'><strong>Statim</strong></span> <span class='ocrx_word' id='word_1_20' title='bbox 470 607 544 678; x_wconf 90' lang='lat' dir='ltr'><strong>post</strong></span> <span class='ocrx_word' id='word_1_21' title='bbox 563 592 682 677; x_wconf 75' lang='grc' dir='ltr'><em>διαχέων</em></span> <span class='ocrx_word' id='word_1_22' title='bbox 701 615 761 678; x_wconf 90' lang='lat' dir='ltr'><strong>pro</strong></span> <span class='ocrx_word' id='word_1_23' title='bbox 783 590 924 678; x_wconf 79' lang='grc' dir='ltr'><strong><em>ἁναχέων,</em></strong></span> <span class='ocrx_word' id='word_1_24' title='bbox 939 605 972 656; x_wconf 92' lang='lat' dir='ltr'><strong>et</strong></span> <span class='ocrx_word' id='word_1_25' title='bbox 990 593 1117 677; x_wconf 64' lang='grc' dir='ltr'><strong><em>γέννηται</em></strong></span> <span class='ocrx_word' id='word_1_26' title='bbox 1131 615 1192 680; x_wconf 91' lang='lat' dir='ltr'><strong>pro</strong></span> 
     </span>
     <span class='ocr_line' id='line_1_4' title="bbox 143 677 1098 767; baseline -0.003 -22"><span class='ocrx_word' id='word_1_27' title='bbox 143 680 269 767; x_wconf 73' lang='grc' dir='ltr'><strong><em>γίαισιν,</em></strong></span> <span class='ocrx_word' id='word_1_28' title='bbox 286 679 363 744; x_wconf 84' lang='lat' dir='ltr'><strong>MS.</strong></span> <span class='ocrx_word' id='word_1_29' title='bbox 400 678 465 742; x_wconf 85' lang='lat' dir='ltr'><strong>Sed</strong></span> <span class='ocrx_word' id='word_1_30' title='bbox 480 677 601 760; x_wconf 77' lang='grc' dir='ltr'>ἀτόμους</span> <span class='ocrx_word' id='word_1_31' title='bbox 615 700 654 742; x_wconf 85' lang='lat' dir='ltr'><strong>ex</strong></span> <span class='ocrx_word' id='word_1_32' title='bbox 668 679 933 745; x_wconf 82' lang='lat' dir='ltr'><strong>antecedentibus</strong></span> <span class='ocrx_word' id='word_1_33' title='bbox 949 678 1098 742; x_wconf 88' lang='lat' dir='ltr'><strong>subaudi.</strong></span> 
     </span>
    </p>

    <p class='ocr_par' dir='ltr' id='par_1_3' title="bbox 189 765 1212 852">
     <span class='ocr_line' id='line_1_5' title="bbox 189 765 1212 852; baseline -0.001 -21"><span class='ocrx_word' id='word_1_34' title='bbox 189 765 274 831; x_wconf 89' lang='lat' dir='ltr'><strong>Ibid.</strong></span> <span class='ocrx_word' id='word_1_35' title='bbox 290 765 313 830; x_wconf 89' lang='lat' dir='ltr'><strong>l.</strong></span> <span class='ocrx_word' id='word_1_36' title='bbox 326 781 355 828; x_wconf 86' lang='grc'><strong>5.</strong></span> <span class='ocrx_word' id='word_1_37' title='bbox 378 766 464 828; x_wconf 79' lang='grc' dir='ltr'><strong><em>τάσδε</em></strong></span> <span class='ocrx_word' id='word_1_38' title='bbox 480 766 507 828; x_wconf 78' lang='grc' dir='ltr'><strong>δὲ</strong></span> <span class='ocrx_word' id='word_1_39' title='bbox 521 766 582 849; x_wconf 75' lang='grc' dir='ltr'><strong>ὡδὶ]</strong></span> <span class='ocrx_word' id='word_1_40' title='bbox 598 765 651 829; x_wconf 90' lang='lat' dir='ltr'><strong>Sic</strong></span> <span class='ocrx_word' id='word_1_41' title='bbox 666 787 725 852; x_wconf 92' lang='lat' dir='ltr'><strong>pro</strong></span> <span class='ocrx_word' id='word_1_42' title='bbox 739 770 792 840; x_wconf 76' lang='grc' dir='ltr'><strong>τὰς</strong></span> <span class='ocrx_word' id='word_1_43' title='bbox 807 765 834 828; x_wconf 75' lang='grc' dir='ltr'><strong>δὲ</strong></span> <span class='ocrx_word' id='word_1_44' title='bbox 850 767 895 828; x_wconf 73' lang='grc' dir='ltr'><strong>ὡδὶ</strong></span> <span class='ocrx_word' id='word_1_45' title='bbox 911 786 950 828; x_wconf 84' lang='lat' dir='ltr'><strong>ex</strong></span> <span class='ocrx_word' id='word_1_46' title='bbox 967 766 1066 830; x_wconf 81' lang='lat' dir='ltr'><strong>MSto</strong></span> <span class='ocrx_word' id='word_1_47' title='bbox 1081 765 1179 830; x_wconf 90' lang='lat' dir='ltr'><strong>edidi.</strong></span> <span class='ocrx_word' id='word_1_48' title='bbox 1199 791 1212 821; x_wconf 69' lang='lat' dir='ltr'><strong>,r</strong></span> 
     </span>
    </p>

    <p class='ocr_par' dir='ltr' id='par_1_4' title="bbox 145 850 1192 1004">
     <span class='ocr_line' id='line_1_6' title="bbox 190 850 1192 939; baseline -0.001 -23"><span class='ocrx_word' id='word_1_49' title='bbox 190 851 276 916; x_wconf 91' lang='lat' dir='ltr'><strong>Ibid.</strong></span> <span class='ocrx_word' id='word_1_50' title='bbox 290 852 313 916; x_wconf 88' lang='lat' dir='ltr'><strong>l.</strong></span> <span class='ocrx_word' id='word_1_51' title='bbox 326 858 357 916; x_wconf 87' lang='lat'><strong>6.</strong></span> <span class='ocrx_word' id='word_1_52' title='bbox 380 852 494 935; x_wconf 79' lang='grc' dir='ltr'><strong><em>φαῦσιν]</em></strong></span> <span class='ocrx_word' id='word_1_53' title='bbox 519 851 608 916; x_wconf 92' lang='lat' dir='ltr'><strong>Olim</strong></span> <span class='ocrx_word' id='word_1_54' title='bbox 630 852 722 936; x_wconf 76' lang='grc' dir='ltr'><strong><em>φύσιν,</em></strong></span> <span class='ocrx_word' id='word_1_55' title='bbox 744 850 834 939; x_wconf 94' lang='lat' dir='ltr'><strong>quod</strong></span> <span class='ocrx_word' id='word_1_56' title='bbox 853 851 973 916; x_wconf 88' lang='lat' dir='ltr'><strong>mutavi</strong></span> <span class='ocrx_word' id='word_1_57' title='bbox 993 874 1069 916; x_wconf 85' lang='lat' dir='ltr'><strong>cum</strong></span> <span class='ocrx_word' id='word_1_58' title='bbox 1085 858 1192 935; x_wconf 73' lang='lat' dir='ltr'><strong>puicu</strong></span> 
     </span>
     <span class='ocr_line' id='line_1_7' title="bbox 145 937 408 1004; baseline 0 -2"><span class='ocrx_word' id='word_1_59' title='bbox 145 938 288 1004; x_wconf 85' lang='lat' dir='ltr'><strong>lectione</strong></span> <span class='ocrx_word' id='word_1_60' title='bbox 303 937 408 1002; x_wconf 79' lang='lat' dir='ltr'><strong>Msu.</strong></span> 
     </span>
    </p>

    <p class='ocr_par' dir='ltr' id='par_1_5' title="bbox 147 1021 1211 1261">
     <span class='ocr_line' id='line_1_8' title="bbox 191 1021 1211 1110; baseline 0 -22"><span class='ocrx_word' id='word_1_61' title='bbox 191 1023 277 1088; x_wconf 87' lang='lat' dir='ltr'><strong>Ibid.</strong></span> <span class='ocrx_word' id='word_1_62' title='bbox 298 1025 321 1088; x_wconf 90' lang='lat' dir='ltr'><strong>l.</strong></span> <span class='ocrx_word' id='word_1_63' title='bbox 340 1037 371 1101; x_wconf 88' lang='lat'><strong>7.</strong></span> <span class='ocrx_word' id='word_1_64' title='bbox 401 1022 527 1103; x_wconf 64' lang='lat' dir='ltr'><strong>insano),</strong></span> <span class='ocrx_word' id='word_1_65' title='bbox 549 1022 677 1109; x_wconf 71' lang='lat' dir='ltr'><strong>roscida]</strong></span> <span class='ocrx_word' id='word_1_66' title='bbox 699 1021 778 1089; x_wconf 78' lang='lat' dir='ltr'><strong>Fide</strong></span> <span class='ocrx_word' id='word_1_67' title='bbox 799 1023 894 1087; x_wconf 83' lang='lat' dir='ltr'><strong>MSn&#39;</strong></span> <span class='ocrx_word' id='word_1_68' title='bbox 918 1023 1108 1110; x_wconf 83' lang='lat' dir='ltr'><strong>particulam</strong></span> <span class='ocrx_word' id='word_1_69' title='bbox 1133 1027 1211 1107; x_wconf 73' lang='lat' dir='ltr'><strong>nai,-</strong></span> 
     </span>
     <span class='ocr_line' id='line_1_9' title="bbox 147 1109 1194 1198; baseline 0 -23"><span class='ocrx_word' id='word_1_70' title='bbox 147 1131 224 1198; x_wconf 80' lang='lat' dir='ltr'><strong>quae</strong></span> <span class='ocrx_word' id='word_1_71' title='bbox 242 1111 377 1177; x_wconf 78' lang='lat' dir='ltr'><strong>fortasse</strong></span> <span class='ocrx_word' id='word_1_72' title='bbox 396 1132 436 1175; x_wconf 88' lang='lat' dir='ltr'><strong>ex</strong></span> <span class='ocrx_word' id='word_1_73' title='bbox 454 1110 665 1175; x_wconf 74' lang='lat' dir='ltr'><strong>antecedente</strong></span> <span class='ocrx_word' id='word_1_74' title='bbox 683 1131 762 1176; x_wconf 83' lang='lat' dir='ltr'><strong>voce</strong></span> <span class='ocrx_word' id='word_1_75' title='bbox 780 1109 895 1189; x_wconf 66' lang='grc' dir='ltr'><strong><em>ἡλιακια</em></strong></span> <span class='ocrx_word' id='word_1_76' title='bbox 913 1123 987 1175; x_wconf 87' lang='lat' dir='ltr'><strong>nata</strong></span> <span class='ocrx_word' id='word_1_77' title='bbox 1002 1125 1081 1189; x_wconf 83' lang='lat' dir='ltr'><strong>erat,</strong></span> <span class='ocrx_word' id='word_1_78' title='bbox 1097 1111 1194 1176; x_wconf 88' lang='lat' dir='ltr'><strong>omisi</strong></span> 
     </span>
     <span class='ocr_line' id='line_1_10' title="bbox 147 1196 1138 1261; baseline 0.001 0"><span class='ocrx_word' id='word_1_79' title='bbox 147 1211 225 1261; x_wconf 84' lang='lat' dir='ltr'><strong>ante</strong></span> <span class='ocrx_word' id='word_1_80' title='bbox 241 1196 363 1260; x_wconf 77' lang='grc' dir='ltr'><strong><em>τοσαίδε.</em></strong></span> <span class='ocrx_word' id='word_1_81' title='bbox 1135 1240 1138 1245; x_wconf 88' lang='lat'><em>·</em></span> 
     </span>
    </p>

    <p class='ocr_par' dir='ltr' id='par_1_6' title="bbox 147 1280 1212 1712">
     <span class='ocr_line' id='line_1_11' title="bbox 193 1280 1195 1370; baseline 0.004 -25"><span class='ocrx_word' id='word_1_82' title='bbox 193 1282 229 1346; x_wconf 88' lang='lat' dir='ltr'><strong>P.</strong></span> <span class='ocrx_word' id='word_1_83' title='bbox 243 1296 314 1347; x_wconf 80' lang='grc'><strong>555.</strong></span> <span class='ocrx_word' id='word_1_84' title='bbox 338 1282 362 1347; x_wconf 93' lang='lat' dir='ltr'><strong>l.</strong></span> <span class='ocrx_word' id='word_1_85' title='bbox 377 1293 409 1347; x_wconf 80' lang='grc'><strong>4.</strong></span> <span class='ocrx_word' id='word_1_86' title='bbox 432 1280 663 1368; x_wconf 70' lang='grc' dir='ltr'><strong><em>συγκεχυμένην]</em></strong></span> <span class='ocrx_word' id='word_1_87' title='bbox 688 1283 789 1347; x_wconf 93' lang='lat' dir='ltr'><strong>Prout</strong></span> <span class='ocrx_word' id='word_1_88' title='bbox 813 1281 990 1368; x_wconf 86' lang='lat' dir='ltr'><strong>legendum</strong></span> <span class='ocrx_word' id='word_1_89' title='bbox 1013 1283 1195 1370; x_wconf 83' lang='lat' dir='ltr'><strong>conjecerat</strong></span> 
     </span>
     <span class='ocr_line' id='line_1_12' title="bbox 147 1365 1210 1468; baseline 0.004 -36"><span class='ocrx_word' id='word_1_90' title='bbox 147 1365 304 1454; x_wconf 57' lang='lat' dir='ltr'><strong>vigetum</strong></span> <span class='ocrx_word' id='word_1_91' title='bbox 322 1366 368 1432; x_wconf 82' lang='lat' dir='ltr'><strong>aic</strong></span> <span class='ocrx_word' id='word_1_92' title='bbox 388 1366 508 1468; x_wconf 72' lang='lat' dir='ltr'><strong>legitur</strong></span> <span class='ocrx_word' id='word_1_93' title='bbox 526 1368 560 1432; x_wconf 91' lang='lat' dir='ltr'><strong>in</strong></span> <span class='ocrx_word' id='word_1_94' title='bbox 575 1368 676 1433; x_wconf 70' lang='lat' dir='ltr'><strong>Mssa</strong></span> <span class='ocrx_word' id='word_1_95' title='bbox 692 1389 752 1456; x_wconf 93' lang='lat' dir='ltr'><strong>pro</strong></span> <span class='ocrx_word' id='word_1_96' title='bbox 765 1366 1034 1455; x_wconf 52' lang='grc' dir='ltr'><strong><em>,σνγιιηςαρημίνηα</em></strong></span> <span class='ocrx_word' id='word_1_97' title='bbox 1073 1369 1210 1437; x_wconf 67' lang='lat' dir='ltr'><strong>Sorbi-1</strong></span> 
     </span>
     <span class='ocr_line' id='line_1_13' title="bbox 147 1453 1212 1540; baseline 0.003 -23"><span class='ocrx_word' id='word_1_98' title='bbox 147 1466 204 1518; x_wconf 88' lang='lat' dir='ltr'><strong>tur</strong></span> <span class='ocrx_word' id='word_1_99' title='bbox 218 1453 318 1540; x_wconf 84' lang='lat' dir='ltr'><strong>paulo</strong></span> <span class='ocrx_word' id='word_1_100' title='bbox 332 1466 405 1538; x_wconf 84' lang='lat' dir='ltr'><strong>post</strong></span> <span class='ocrx_word' id='word_1_101' title='bbox 419 1476 452 1518; x_wconf 91' lang='grc' dir='ltr'><strong>ιιι</strong></span> <span class='ocrx_word' id='word_1_102' title='bbox 466 1453 570 1518; x_wconf 79' lang='lat' dir='ltr'><strong>ecdem</strong></span> <span class='ocrx_word' id='word_1_103' title='bbox 590 1453 690 1520; x_wconf 83' lang='lat' dir='ltr'><strong>codice</strong></span> <span class='ocrx_word' id='word_1_104' title='bbox 708 1457 756 1518; x_wconf 75' lang='lat' dir='ltr'><strong>riv</strong></span> <span class='ocrx_word' id='word_1_105' title='bbox 772 1453 864 1532; x_wconf 74' lang='grc' dir='ltr'><strong><em>ἵππον,</em></strong></span> <span class='ocrx_word' id='word_1_106' title='bbox 880 1455 936 1519; x_wconf 90' lang='lat' dir='ltr'><strong>sed</strong></span> <span class='ocrx_word' id='word_1_107' title='bbox 952 1455 1048 1534; x_wconf 87' lang='lat' dir='ltr'><strong>male,</strong></span> <span class='ocrx_word' id='word_1_108' title='bbox 1063 1468 1097 1520; x_wconf 88' lang='lat' dir='ltr'><strong>et</strong></span> <span class='ocrx_word' id='word_1_109' title='bbox 1110 1474 1212 1539; x_wconf 73' lang='grc' dir='ltr'><strong><em>σφιν-»-</em></strong></span> 
     </span>
     <span class='ocr_line' id='line_1_14' title="bbox 147 1539 1209 1619; baseline 0.007 -17"><span class='ocrx_word' id='word_1_110' title='bbox 147 1539 273 1619; x_wconf 70' lang='grc' dir='ltr'><strong><em>δινήσας,</em></strong></span> <span class='ocrx_word' id='word_1_111' title='bbox 287 1553 320 1605; x_wconf 87' lang='lat' dir='ltr'><strong>et</strong></span> <span class='ocrx_word' id='word_1_112' title='bbox 334 1541 367 1603; x_wconf 67' lang='grc' dir='ltr'><strong>ἵν’</strong></span> <span class='ocrx_word' id='word_1_113' title='bbox 383 1540 529 1617; x_wconf 74' lang='grc' dir='ltr'><strong>ἀλλήλοις.</strong></span> <span class='ocrx_word' id='word_1_114' title='bbox 562 1540 728 1606; x_wconf 88' lang='lat' dir='ltr'><strong>Omissum</strong></span> <span class='ocrx_word' id='word_1_115' title='bbox 745 1554 794 1604; x_wconf 90' lang='lat' dir='ltr'><strong>est</strong></span> <span class='ocrx_word' id='word_1_116' title='bbox 810 1539 929 1605; x_wconf 89' lang='lat' dir='ltr'><strong>ibidem</strong></span> <span class='ocrx_word' id='word_1_117' title='bbox 945 1541 992 1619; x_wconf 73' lang='grc' dir='ltr'><strong>κα]</strong></span> <span class='ocrx_word' id='word_1_118' title='bbox 1005 1541 1106 1606; x_wconf 75' lang='grc' dir='ltr'><strong><em>σιἰντα</em></strong></span> <span class='ocrx_word' id='word_1_119' title='bbox 1120 1556 1209 1610; x_wconf 81' lang='lat' dir='ltr'><strong>ante·</strong></span> 
     </span>
     <span class='ocr_line' id='line_1_15' title="bbox 147 1624 1131 1712; baseline 0.001 -23"><span class='ocrx_word' id='word_1_120' title='bbox 147 1625 265 1708; x_wconf 75' lang='grc' dir='ltr'><strong>ἀναμίξ.</strong></span> <span class='ocrx_word' id='word_1_121' title='bbox 302 1626 345 1690; x_wconf 86' lang='lat' dir='ltr'><strong>Et</strong></span> <span class='ocrx_word' id='word_1_122' title='bbox 359 1624 504 1707; x_wconf 82' lang='lat' dir='ltr'><strong>inferius,</strong></span> <span class='ocrx_word' id='word_1_123' title='bbox 521 1630 621 1700; x_wconf 73' lang='grc' dir='ltr'><strong><em>ὗαιισας</em></strong></span> <span class='ocrx_word' id='word_1_124' title='bbox 636 1639 724 1692; x_wconf 85' lang='lat' dir='ltr'><strong>extat</strong></span> <span class='ocrx_word' id='word_1_125' title='bbox 739 1647 799 1712; x_wconf 87' lang='lat' dir='ltr'><strong>pro</strong></span> <span class='ocrx_word' id='word_1_126' title='bbox 815 1627 914 1711; x_wconf 74' lang='grc' dir='ltr'><strong>αὑτάς.</strong></span> <span class='ocrx_word' id='word_1_127' title='bbox 1127 1627 1131 1637; x_wconf 89' lang='grc'><em>“</em></span> 
     </span>
    </p>

    <p class='ocr_par' dir='ltr' id='par_1_7' title="bbox 193 1711 1045 1799">
     <span class='ocr_line' id='line_1_16' title="bbox 193 1711 1045 1799; baseline 0.001 -23"><span class='ocrx_word' id='word_1_128' title='bbox 193 1713 228 1776; x_wconf 89' lang='grc' dir='ltr'><strong>Ρ.</strong></span> <span class='ocrx_word' id='word_1_129' title='bbox 241 1723 311 1776; x_wconf 81' lang='grc'><strong>354.</strong></span> <span class='ocrx_word' id='word_1_130' title='bbox 328 1711 350 1775; x_wconf 87' lang='grc' dir='ltr'><strong>Ι.</strong></span> <span class='ocrx_word' id='word_1_131' title='bbox 364 1726 392 1774; x_wconf 91' lang='lat'><strong>1.</strong></span> <span class='ocrx_word' id='word_1_132' title='bbox 413 1716 492 1775; x_wconf 81' lang='grc' dir='ltr'><strong><em>κασιὶ</em></strong></span> <span class='ocrx_word' id='word_1_133' title='bbox 505 1713 552 1775; x_wconf 77' lang='grc' dir='ltr'><strong>τὸν</strong></span> <span class='ocrx_word' id='word_1_134' title='bbox 565 1714 697 1797; x_wconf 65' lang='grc' dir='ltr'><strong><em>ποιητὴν]</em></strong></span> <span class='ocrx_word' id='word_1_135' title='bbox 707 1711 828 1798; x_wconf 60' lang='lat' dir='ltr'><strong>odyss</strong></span> <span class='ocrx_word' id='word_1_136' title='bbox 847 1712 882 1799; x_wconf 69' lang='grc' dir='ltr'><strong>ς’.</strong></span> <span class='ocrx_word' id='word_1_137' title='bbox 894 1712 961 1776; x_wconf 69' lang='lat' dir='ltr'><strong>ter.</strong></span> <span class='ocrx_word' id='word_1_138' title='bbox 974 1725 1045 1778; x_wconf 72' lang='grc'><strong>218.</strong></span> 
     </span>
    </p>

    <p class='ocr_par' dir='ltr' id='par_1_8' title="bbox 164 1792 1028 1969">
     <span class='ocr_line' id='line_1_17' title="bbox 279 1792 1028 1885; baseline 0.004 -25"><span class='ocrx_word' id='word_1_139' title='bbox 279 1792 344 1878; x_wconf 57' lang='grc' dir='ltr'><strong>Κσῖ</strong></span> <span class='ocrx_word' id='word_1_140' title='bbox 351 1798 401 1880; x_wconf 74' lang='grc' dir='ltr'><strong>μὲν</strong></span> <span class='ocrx_word' id='word_1_141' title='bbox 415 1800 443 1876; x_wconf 78' lang='grc' dir='ltr'><strong>δὴ</strong></span> <span class='ocrx_word' id='word_1_142' title='bbox 458 1797 543 1881; x_wconf 75' lang='grc' dir='ltr'><strong><em>μάλα</em></strong></span> <span class='ocrx_word' id='word_1_143' title='bbox 557 1798 669 1885; x_wconf 74' lang='grc' dir='ltr'>πάγχυ</span> <span class='ocrx_word' id='word_1_144' title='bbox 682 1798 767 1871; x_wconf 77' lang='grc' dir='ltr'><strong><em>κακὸς</em></strong></span> <span class='ocrx_word' id='word_1_145' title='bbox 782 1798 868 1862; x_wconf 70' lang='grc' dir='ltr'><strong><em>κακὸν</em></strong></span> <span class='ocrx_word' id='word_1_146' title='bbox 884 1798 1028 1882; x_wconf 68' lang='grc' dir='ltr'><strong>ἡγηλάζει.</strong></span> 
     </span>
     <span class='ocr_line' id='line_1_18' title="bbox 164 1881 939 1969; baseline 0.004 -24"><span class='ocrx_word' id='word_1_147' title='bbox 164 1922 169 1931; x_wconf 92' lang='lat'><em>-</em></span> <span class='ocrx_word' id='word_1_148' title='bbox 277 1885 332 1958; x_wconf 79' lang='grc' dir='ltr'><strong>Ὡς</strong></span> <span class='ocrx_word' id='word_1_149' title='bbox 345 1881 386 1947; x_wconf 71' lang='grc' dir='ltr'><strong>ἀεὶ</strong></span> <span class='ocrx_word' id='word_1_150' title='bbox 400 1885 447 1947; x_wconf 81' lang='grc' dir='ltr'><strong>τὸν</strong></span> <span class='ocrx_word' id='word_1_151' title='bbox 461 1887 551 1965; x_wconf 81' lang='grc' dir='ltr'><strong><em>ὁμοῖον</em></strong></span> <span class='ocrx_word' id='word_1_152' title='bbox 564 1882 628 1969; x_wconf 74' lang='grc' dir='ltr'><strong>ἄγα</strong></span> <span class='ocrx_word' id='word_1_153' title='bbox 643 1885 715 1958; x_wconf 80' lang='grc' dir='ltr'>Θεὸς</span> <span class='ocrx_word' id='word_1_154' title='bbox 731 1885 766 1958; x_wconf 78' lang='grc' dir='ltr'><strong>εἰς</strong></span> <span class='ocrx_word' id='word_1_155' title='bbox 777 1885 825 1946; x_wconf 80' lang='grc' dir='ltr'><strong>τὸν</strong></span> <span class='ocrx_word' id='word_1_156' title='bbox 839 1888 939 1966; x_wconf 80' lang='grc' dir='ltr'><strong>ὁμοῖον.</strong></span> 
     </span>
    </p>

    <p class='ocr_par' dir='ltr' id='par_1_9' title="bbox 147 1967 1207 2483">
     <span class='ocr_line' id='line_1_19' title="bbox 193 1967 1207 2057; baseline 0.006 -25"><span class='ocrx_word' id='word_1_157' title='bbox 193 1967 390 2034; x_wconf 82' lang='lat' dir='ltr'><strong>Ibid.l.11.</strong></span> <span class='ocrx_word' id='word_1_158' title='bbox 414 1970 443 2048; x_wconf 74' lang='grc' dir='ltr'><strong>α]</strong></span> <span class='ocrx_word' id='word_1_159' title='bbox 464 1967 647 2053; x_wconf 73' lang='grc' dir='ltr'><strong><em>συνωμοσίαν]</em></strong></span> <span class='ocrx_word' id='word_1_160' title='bbox 665 1971 761 2034; x_wconf 88' lang='lat' dir='ltr'><strong>Hanc</strong></span> <span class='ocrx_word' id='word_1_161' title='bbox 782 1992 893 2034; x_wconf 88' lang='lat' dir='ltr'><strong>vocem</strong></span> <span class='ocrx_word' id='word_1_162' title='bbox 910 1970 988 2034; x_wconf 91' lang='lat' dir='ltr'><strong>MS.</strong></span> <span class='ocrx_word' id='word_1_163' title='bbox 1011 1970 1207 2057; x_wconf 78' lang='lat' dir='ltr'><strong>suppedita·³·</strong></span> 
     </span>
     <span class='ocr_line' id='line_1_20' title="bbox 148 2053 1206 2142; baseline 0.006 -24"><span class='ocrx_word' id='word_1_164' title='bbox 148 2053 195 2119; x_wconf 87' lang='lat' dir='ltr'><strong>vit</strong></span> <span class='ocrx_word' id='word_1_165' title='bbox 207 2075 279 2140; x_wconf 87' lang='lat' dir='ltr'><strong>pro</strong></span> <span class='ocrx_word' id='word_1_166' title='bbox 297 2054 507 2141; x_wconf 69' lang='lat' dir='ltr'><strong>rmopnnopiou,</strong></span> <span class='ocrx_word' id='word_1_167' title='bbox 522 2055 610 2142; x_wconf 90' lang='lat' dir='ltr'><strong>quod</strong></span> <span class='ocrx_word' id='word_1_168' title='bbox 634 2057 952 2142; x_wconf 83' lang='lat' dir='ltr'><strong>interpretamentum</strong></span> <span class='ocrx_word' id='word_1_169' title='bbox 974 2077 1044 2121; x_wconf 89' lang='lat' dir='ltr'><strong>esse</strong></span> <span class='ocrx_word' id='word_1_170' title='bbox 1061 2057 1206 2123; x_wconf 90' lang='lat' dir='ltr'><strong>videtur.-</strong></span> 
     </span>
     <span class='ocr_line' id='line_1_21' title="bbox 148 2137 1206 2231; baseline 0.006 -29"><span class='ocrx_word' id='word_1_171' title='bbox 148 2137 247 2204; x_wconf 74' lang='lat' dir='ltr'><strong>Inira</strong></span> <span class='ocrx_word' id='word_1_172' title='bbox 260 2138 303 2204; x_wconf 86' lang='lat' dir='ltr'><strong>de</strong></span> <span class='ocrx_word' id='word_1_173' title='bbox 326 2141 426 2206; x_wconf 82' lang='lat' dir='ltr'><strong>stellis</strong></span> <span class='ocrx_word' id='word_1_174' title='bbox 443 2142 495 2205; x_wconf 80' lang='lat' dir='ltr'><strong>¹uit</strong></span> <span class='ocrx_word' id='word_1_175' title='bbox 514 2156 642 2218; x_wconf 85' lang='lat' dir='ltr'><strong>auctor,</strong></span> <span class='ocrx_word' id='word_1_176' title='bbox 663 2140 710 2222; x_wconf 70' lang='grc' dir='ltr'><strong>κα]</strong></span> <span class='ocrx_word' id='word_1_177' title='bbox 730 2146 782 2216; x_wconf 79' lang='grc' dir='ltr'><strong>ταὶς</strong></span> <span class='ocrx_word' id='word_1_178' title='bbox 803 2144 877 2230; x_wconf 66' lang='grc' dir='ltr'><strong>πρὸς</strong></span> <span class='ocrx_word' id='word_1_179' title='bbox 895 2145 958 2216; x_wconf 80' lang='grc' dir='ltr'>τοὺς</span> <span class='ocrx_word' id='word_1_180' title='bbox 978 2143 1206 2231; x_wconf 68' lang='grc' dir='ltr'>πλησιοχώρους·</span> 
     </span>
     <span class='ocr_line' id='line_1_22' title="bbox 147 2225 1202 2315; baseline 0.006 -27"><span class='ocrx_word' id='word_1_181' title='bbox 147 2225 313 2310; x_wconf 75' lang='grc' dir='ltr'><strong><em>γασνιίισεις</em></strong></span> <span class='ocrx_word' id='word_1_182' title='bbox 323 2227 576 2294; x_wconf 77' lang='grc' dir='ltr'><strong>ἘΝΩΜΟΤΩΣ</strong></span> <span class='ocrx_word' id='word_1_183' title='bbox 590 2227 636 2308; x_wconf 73' lang='grc' dir='ltr'><strong><em>ινα]</em></strong></span> <span class='ocrx_word' id='word_1_184' title='bbox 649 2230 711 2310; x_wconf 81' lang='grc' dir='ltr'>μετ’</span> <span class='ocrx_word' id='word_1_185' title='bbox 727 2229 826 2315; x_wconf 66' lang='grc' dir='ltr'><strong>εἰρήνης</strong></span> <span class='ocrx_word' id='word_1_186' title='bbox 840 2227 1017 2312; x_wconf 70' lang='grc' dir='ltr'><strong><em>φυλάσῑιισιν.</em></strong></span> <span class='ocrx_word' id='word_1_187' title='bbox 1038 2250 1112 2314; x_wconf 78' lang='lat' dir='ltr'><strong>pag.</strong></span> <span class='ocrx_word' id='word_1_188' title='bbox 1125 2237 1202 2295; x_wconf 77' lang='grc'><strong>356.</strong></span> 
     </span>
     <span class='ocr_line' id='line_1_23' title="bbox 148 2311 1197 2398; baseline 0.006 -23"><span class='ocrx_word' id='word_1_189' title='bbox 148 2311 258 2390; x_wconf 79' lang='lat' dir='ltr'><strong>lin.·.9;¹</strong></span> <span class='ocrx_word' id='word_1_190' title='bbox 294 2312 438 2398; x_wconf 85' lang='lat' dir='ltr'><strong>Spectari</strong></span> <span class='ocrx_word' id='word_1_191' title='bbox 455 2313 537 2376; x_wconf 89' lang='lat' dir='ltr'><strong>inter</strong></span> <span class='ocrx_word' id='word_1_192' title='bbox 551 2313 622 2377; x_wconf 85' lang='lat' dir='ltr'><strong>haec</strong></span> <span class='ocrx_word' id='word_1_193' title='bbox 638 2313 786 2378; x_wconf 88' lang='lat' dir='ltr'><strong>videntur</strong></span> <span class='ocrx_word' id='word_1_194' title='bbox 801 2314 974 2378; x_wconf 89' lang='lat' dir='ltr'><strong>duodecim</strong></span> <span class='ocrx_word' id='word_1_195' title='bbox 989 2313 1063 2378; x_wconf 85' lang='lat' dir='ltr'><strong>coeli</strong></span> <span class='ocrx_word' id='word_1_196' title='bbox 1080 2314 1197 2381; x_wconf 91' lang='lat' dir='ltr'><strong>domus</strong></span> 
     </span>
     <span class='ocr_line' id='line_1_24' title="bbox 148 2397 947 2483; baseline 0.003 -23"><span class='ocrx_word' id='word_1_197' title='bbox 148 2417 208 2460; x_wconf 84' lang='lat' dir='ltr'><strong>seu</strong></span> <span class='ocrx_word' id='word_1_198' title='bbox 222 2409 258 2462; x_wconf 90' lang='lat' dir='ltr'><strong>to</strong></span> <span class='ocrx_word' id='word_1_199' title='bbox 282 2397 304 2475; x_wconf 87' lang='lat' dir='ltr'><strong>i,</strong></span> <span class='ocrx_word' id='word_1_200' title='bbox 320 2398 361 2461; x_wconf 92' lang='lat' dir='ltr'><strong>de</strong></span> <span class='ocrx_word' id='word_1_201' title='bbox 376 2399 505 2483; x_wconf 90' lang='lat' dir='ltr'><strong>quibus,</strong></span> <span class='ocrx_word' id='word_1_202' title='bbox 520 2421 595 2463; x_wconf 90' lang='lat' dir='ltr'><strong>cum</strong></span> <span class='ocrx_word' id='word_1_203' title='bbox 612 2398 676 2475; x_wconf 86' lang='lat' dir='ltr'><strong>alii,</strong></span> <span class='ocrx_word' id='word_1_204' title='bbox 694 2414 763 2464; x_wconf 90' lang='lat' dir='ltr'><strong>tum</strong></span> <span class='ocrx_word' id='word_1_205' title='bbox 780 2399 947 2463; x_wconf 88' lang='lat' dir='ltr'><strong>Manilius.</strong></span> 
     </span>
    </p>

    <p class='ocr_par' dir='ltr' id='par_1_10' title="bbox 194 2481 1038 2571">
     <span class='ocr_line' id='line_1_25' title="bbox 194 2481 1038 2571; baseline 0.005 -25"><span class='ocrx_word' id='word_1_206' title='bbox 194 2482 245 2547; x_wconf 92' lang='lat' dir='ltr'><strong>Ibi</strong></span> <span class='ocrx_word' id='word_1_207' title='bbox 272 2483 316 2547; x_wconf 84' lang='lat'><strong>.1.</strong></span> <span class='ocrx_word' id='word_1_208' title='bbox 333 2499 379 2548; x_wconf 81' lang='grc'><strong>15,</strong></span> <span class='ocrx_word' id='word_1_209' title='bbox 403 2481 476 2567; x_wconf 67' lang='grc' dir='ltr'><strong><em>ὅσοι]</em></strong></span> <span class='ocrx_word' id='word_1_210' title='bbox 496 2486 571 2549; x_wconf 83' lang='grc' dir='ltr'><strong>Ηοο</strong></span> <span class='ocrx_word' id='word_1_211' title='bbox 587 2484 691 2568; x_wconf 91' lang='lat' dir='ltr'><strong>recepi</strong></span> <span class='ocrx_word' id='word_1_212' title='bbox 707 2506 747 2549; x_wconf 87' lang='lat' dir='ltr'><strong>ex</strong></span> <span class='ocrx_word' id='word_1_213' title='bbox 761 2484 861 2548; x_wconf 87' lang='lat' dir='ltr'><strong>MSto</strong></span> <span class='ocrx_word' id='word_1_214' title='bbox 875 2507 933 2571; x_wconf 92' lang='lat' dir='ltr'><strong>pro</strong></span> <span class='ocrx_word' id='word_1_215' title='bbox 947 2484 1038 2550; x_wconf 75' lang='grc' dir='ltr'><strong>αὐτοί.</strong></span> 
     </span>
    </p>

    <p class='ocr_par' dir='ltr' id='par_1_11' title="bbox 147 2568 1197 2829">
     <span class='ocr_line' id='line_1_26' title="bbox 195 2568 1196 2657; baseline 0.003 -25"><span class='ocrx_word' id='word_1_216' title='bbox 195 2568 232 2632; x_wconf 83' lang='grc' dir='ltr'><strong>Ρ.</strong></span> <span class='ocrx_word' id='word_1_217' title='bbox 249 2583 322 2633; x_wconf 83' lang='grc'><strong>555.</strong></span> <span class='ocrx_word' id='word_1_218' title='bbox 347 2569 370 2633; x_wconf 86' lang='lat'><strong>1.</strong></span> <span class='ocrx_word' id='word_1_219' title='bbox 394 2585 421 2632; x_wconf 89' lang='lat'><strong>1.</strong></span> <span class='ocrx_word' id='word_1_220' title='bbox 453 2571 609 2657; x_wconf 69' lang='grc' dir='ltr'><strong><em>ἐποσῖεύαν]</em></strong></span> <span class='ocrx_word' id='word_1_221' title='bbox 641 2572 718 2634; x_wconf 88' lang='lat' dir='ltr'><strong>Hoc</strong></span> <span class='ocrx_word' id='word_1_222' title='bbox 741 2592 871 2656; x_wconf 91' lang='lat' dir='ltr'><strong>quoque</strong></span> <span class='ocrx_word' id='word_1_223' title='bbox 892 2568 931 2635; x_wconf 83' lang='lat' dir='ltr'><strong>ex</strong></span> <span class='ocrx_word' id='word_1_224' title='bbox 954 2572 1070 2634; x_wconf 88' lang='lat' dir='ltr'><strong>eodem</strong></span> <span class='ocrx_word' id='word_1_225' title='bbox 1098 2570 1196 2636; x_wconf 80' lang='lat' dir='ltr'><strong>Msn</strong></span> 
     </span>
     <span class='ocr_line' id='line_1_27' title="bbox 148 2655 1197 2742; baseline 0.004 -24"><span class='ocrx_word' id='word_1_226' title='bbox 148 2667 318 2741; x_wconf 88' lang='lat' dir='ltr'><strong>sumptum</strong></span> <span class='ocrx_word' id='word_1_227' title='bbox 334 2676 394 2740; x_wconf 92' lang='lat' dir='ltr'><strong>pro</strong></span> <span class='ocrx_word' id='word_1_228' title='bbox 410 2655 556 2719; x_wconf 69' lang='grc' dir='ltr'><strong><em>ὑσσσῖιύειι</em></strong></span> <span class='ocrx_word' id='word_1_229' title='bbox 576 2657 682 2742; x_wconf 89' lang='lat' dir='ltr'><strong>posui.</strong></span> <span class='ocrx_word' id='word_1_230' title='bbox 728 2656 827 2720; x_wconf 84' lang='lat' dir='ltr'><strong>Paulo</strong></span> <span class='ocrx_word' id='word_1_231' title='bbox 842 2657 925 2720; x_wconf 85' lang='lat' dir='ltr'><strong>infra</strong></span> <span class='ocrx_word' id='word_1_232' title='bbox 939 2657 1051 2736; x_wconf 84' lang='lat' dir='ltr'><strong>habea,</strong></span> <span class='ocrx_word' id='word_1_233' title='bbox 1066 2660 1134 2721; x_wconf 76' lang='grc' dir='ltr'><strong>ἀλλ’</strong></span> <span class='ocrx_word' id='word_1_234' title='bbox 1150 2659 1197 2722; x_wconf 62' lang='lat' dir='ltr'><strong>tt}</strong></span> 
     </span>
     <span class='ocr_line' id='line_1_28' title="bbox 147 2735 1184 2829; baseline 0.004 -25"><span class='ocrx_word' id='word_1_235' title='bbox 147 2735 307 2824; x_wconf 68' lang='grc' dir='ltr'><strong><em>τὴν-ἒτὸρνιν</em></strong></span> <span class='ocrx_word' id='word_1_236' title='bbox 321 2738 515 2805; x_wconf 59' lang='lat' dir='ltr'><strong>mutuantes</strong></span> <span class='ocrx_word' id='word_1_237' title='bbox 529 2741 719 2821; x_wconf 79' lang='grc' dir='ltr'><strong><em>ἁνακῦκλησιν</em></strong></span> <span class='ocrx_word' id='word_1_238' title='bbox 734 2747 818 2820; x_wconf 69' lang='lat' dir='ltr'><strong>ariri,</strong></span> <span class='ocrx_word' id='word_1_239' title='bbox 831 2745 896 2805; x_wconf 72' lang='grc' dir='ltr'><strong><em>καθ’</em></strong></span> <span class='ocrx_word' id='word_1_240' title='bbox 910 2743 941 2819; x_wconf 70' lang='grc' dir='ltr'><strong>ἢν</strong></span> <span class='ocrx_word' id='word_1_241' title='bbox 955 2743 1108 2829; x_wconf 64' lang='grc' dir='ltr'><strong><em>ὡρισμένας</em></strong></span> <span class='ocrx_word' id='word_1_242' title='bbox 1124 2744 1184 2808; x_wconf 74' lang='lat' dir='ltr'><strong>dcc.</strong></span> 
     </span>
    </p>

    <p class='ocr_par' dir='ltr' id='par_1_12' title="bbox 146 2824 1280 3344">
     <span class='ocr_line' id='line_1_29' title="bbox 194 2824 1202 2921; baseline 0.005 -32"><span class='ocrx_word' id='word_1_243' title='bbox 194 2824 279 2891; x_wconf 89' lang='lat' dir='ltr'><strong>Ibid.</strong></span> <span class='ocrx_word' id='word_1_244' title='bbox 295 2827 317 2891; x_wconf 87' lang='lat' dir='ltr'><strong>l.</strong></span> <span class='ocrx_word' id='word_1_245' title='bbox 335 2842 382 2892; x_wconf 89' lang='lat'><strong>11.</strong></span> <span class='ocrx_word' id='word_1_246' title='bbox 405 2825 511 2913; x_wconf 76' lang='grc' dir='ltr'><strong><em>Μέγας</em></strong></span> <span class='ocrx_word' id='word_1_247' title='bbox 525 2827 626 2915; x_wconf 77' lang='grc' dir='ltr'><strong><em>Κύριος</em></strong></span> <span class='ocrx_word' id='word_1_248' title='bbox 641 2828 790 2906; x_wconf 75' lang='grc' dir='ltr'><strong><em>ὁσσιιῆσας</em></strong></span> <span class='ocrx_word' id='word_1_249' title='bbox 804 2829 897 2905; x_wconf 75' lang='grc' dir='ltr'><strong><em>αὑτὸν,</em></strong></span> <span class='ocrx_word' id='word_1_250' title='bbox 911 2829 986 2912; x_wconf 67' lang='grc' dir='ltr'><strong><em>ὅσα]</em></strong></span> <span class='ocrx_word' id='word_1_251' title='bbox 999 2828 1202 2921; x_wconf 70' lang='lat' dir='ltr'><strong>Quanquam·</strong></span> 
     </span>
     <span class='ocr_line' id='line_1_30' title="bbox 146 2909 1198 2999; baseline 0.007 -24"><span class='ocrx_word' id='word_1_252' title='bbox 146 2911 196 2976; x_wconf 84' lang='lat' dir='ltr'><strong>ita</strong></span> <span class='ocrx_word' id='word_1_253' title='bbox 210 2909 306 2977; x_wconf 84' lang='lat' dir='ltr'><strong>vertit</strong></span> <span class='ocrx_word' id='word_1_254' title='bbox 318 2913 473 2999; x_wconf 82' lang='lat' dir='ltr'><strong>Vigerus,</strong></span> <span class='ocrx_word' id='word_1_255' title='bbox 484 2935 524 2978; x_wconf 81' lang='lat' dir='ltr'><strong>ac</strong></span> <span class='ocrx_word' id='word_1_256' title='bbox 538 2915 563 2979; x_wconf 88' lang='lat' dir='ltr'><strong>si</strong></span> <span class='ocrx_word' id='word_1_257' title='bbox 577 2912 695 2979; x_wconf 85' lang='lat' dir='ltr'><strong>nullius</strong></span> <span class='ocrx_word' id='word_1_258' title='bbox 710 2913 875 2999; x_wconf 85' lang='lat' dir='ltr'><strong>scriptoria</strong></span> <span class='ocrx_word' id='word_1_259' title='bbox 890 2914 986 2979; x_wconf 84' lang='lat' dir='ltr'><strong>verba</strong></span> <span class='ocrx_word' id='word_1_260' title='bbox 999 2914 1198 2982; x_wconf 80' lang='lat' dir='ltr'><strong>excitavisset</strong></span> 
     </span>
     <span class='ocr_line' id='line_1_31' title="bbox 146 2996 1280 3085; baseline 0.005 -24"><span class='ocrx_word' id='word_1_261' title='bbox 146 2996 343 3084; x_wconf 88' lang='lat' dir='ltr'><strong>Dionysius,</strong></span> <span class='ocrx_word' id='word_1_262' title='bbox 359 3011 470 3064; x_wconf 86' lang='lat' dir='ltr'><strong>tamen</strong></span> <span class='ocrx_word' id='word_1_263' title='bbox 485 2999 588 3078; x_wconf 82' lang='lat' dir='ltr'><strong>aliter,</strong></span> <span class='ocrx_word' id='word_1_264' title='bbox 602 3000 635 3063; x_wconf 92' lang='lat' dir='ltr'><strong>ni</strong></span> <span class='ocrx_word' id='word_1_265' title='bbox 651 2999 757 3079; x_wconf 87' lang='lat' dir='ltr'><strong>fallor,</strong></span> <span class='ocrx_word' id='word_1_266' title='bbox 767 3021 823 3085; x_wconf 79' lang='lat' dir='ltr'><strong>res</strong></span> <span class='ocrx_word' id='word_1_267' title='bbox 839 3023 872 3064; x_wconf 88' lang='lat' dir='ltr'><strong>se</strong></span> <span class='ocrx_word' id='word_1_268' title='bbox 884 3000 1008 3066; x_wconf 80' lang='lat' dir='ltr'><strong>-habcre</strong></span> <span class='ocrx_word' id='word_1_269' title='bbox 1023 2998 1202 3081; x_wconf 65' lang='grc' dir='ltr'><strong>σιιίιιιαιιιέ,ι</strong></span> <span class='ocrx_word' id='word_1_270' title='bbox 1274 2996 1280 3005; x_wconf 65' lang='grc'><strong>“</strong></span> 
     </span>
     <span class='ocr_line' id='line_1_32' title="bbox 146 3080 1200 3176; baseline 0.004 -28"><span class='ocrx_word' id='word_1_271' title='bbox 146 3082 335 3157; x_wconf 80' lang='lat' dir='ltr'><strong>ailocueiu</strong></span> <span class='ocrx_word' id='word_1_272' title='bbox 354 3083 444 3149; x_wconf 90' lang='lat' dir='ltr'><strong>hunc</strong></span> <span class='ocrx_word' id='word_1_273' title='bbox 464 3085 600 3150; x_wconf 89' lang='lat' dir='ltr'><strong>modum</strong></span> <span class='ocrx_word' id='word_1_274' title='bbox 618 3084 738 3151; x_wconf 89' lang='lat' dir='ltr'><strong>rectius</strong></span> <span class='ocrx_word' id='word_1_275' title='bbox 756 3099 939 3167; x_wconf 87' lang='lat' dir='ltr'><strong>verteretur,</strong></span> <span class='ocrx_word' id='word_1_276' title='bbox 959 3080 1200 3176; x_wconf 53' lang='lat' dir='ltr'><strong>Verum-quana</strong></span> 
     </span>
     <span class='ocr_line' id='line_1_33' title="bbox 147 3167 1198 3259; baseline 0.004 -25"><span class='ocrx_word' id='word_1_277' title='bbox 147 3167 197 3234; x_wconf 80' lang='lat' dir='ltr'><strong>vis</strong></span> <span class='ocrx_word' id='word_1_278' title='bbox 218 3167 323 3235; x_wconf 78' lang='lat' dir='ltr'><strong>nolint</strong></span> <span class='ocrx_word' id='word_1_279' title='bbox 344 3171 451 3235; x_wconf 78' lang='lat' dir='ltr'><strong>miseri</strong></span> <span class='ocrx_word' id='word_1_280' title='bbox 473 3172 538 3250; x_wconf 81' lang='lat' dir='ltr'><strong>isti,</strong></span> <span class='ocrx_word' id='word_1_281' title='bbox 553 3183 658 3236; x_wconf 84' lang='lat' dir='ltr'><strong>tamen</strong></span> <span class='ocrx_word' id='word_1_282' title='bbox 680 3173 948 3259; x_wconf 79' lang='lat' dir='ltr'><strong>quemadmodum·</strong></span> <span class='ocrx_word' id='word_1_283' title='bbox 960 3174 1088 3259; x_wconf 80' lang='lat' dir='ltr'><strong>credunt</strong></span> <span class='ocrx_word' id='word_1_284' title='bbox 1097 3174 1198 3259; x_wconf 75' lang='lat' dir='ltr'><strong>justi,</strong></span> 
     </span>
     <span class='ocr_line' id='line_1_34' title="bbox 147 3255 1153 3344; baseline 0.003 -24"><span class='ocrx_word' id='word_1_285' title='bbox 147 3255 214 3320; x_wconf 80' lang='lat' dir='ltr'><strong>Mu</strong></span> <span class='ocrx_word' id='word_1_286' title='bbox 259 3257 538 3336; x_wconf 64' lang='lat' dir='ltr'><strong>circummissus,</strong></span> <span class='ocrx_word' id='word_1_287' title='bbox 556 3259 696 3344; x_wconf 76' lang='lat' dir='ltr'><strong>quicum</strong></span> <span class='ocrx_word' id='word_1_288' title='bbox 711 3259 840 3335; x_wconf 80' lang='lat' dir='ltr'><strong>creavit,</strong></span> <span class='ocrx_word' id='word_1_289' title='bbox 857 3259 916 3323; x_wconf 76' lang='lat' dir='ltr'><strong>&amp;u</strong></span> <span class='ocrx_word' id='word_1_290' title='bbox 1134 3256 1153 3307; x_wconf 77' lang='lat'><strong>&#39;&#39;1</strong></span> 
     </span>
    </p>

    <p class='ocr_par' dir='ltr' id='par_1_13' title="bbox 147 3341 1201 3598">
     <span class='ocr_line' id='line_1_35' title="bbox 194 3341 1201 3429; baseline 0.004 -25"><span class='ocrx_word' id='word_1_291' title='bbox 194 3341 210 3404; x_wconf 93' lang='lat'>1</span> <span class='ocrx_word' id='word_1_292' title='bbox 235 3341 280 3406; x_wconf 92' lang='lat' dir='ltr'><strong>id.</strong></span> <span class='ocrx_word' id='word_1_293' title='bbox 303 3342 325 3407; x_wconf 93' lang='lat' dir='ltr'><strong>l.</strong></span> <span class='ocrx_word' id='word_1_294' title='bbox 344 3355 392 3408; x_wconf 83' lang='grc'><strong>14.</strong></span> <span class='ocrx_word' id='word_1_295' title='bbox 424 3347 462 3406; x_wconf 79' lang='grc' dir='ltr'><strong>ἐπ’</strong></span> <span class='ocrx_word' id='word_1_296' title='bbox 486 3345 582 3427; x_wconf 81' lang='grc' dir='ltr'><strong><em>αὐτῆς]</em></strong></span> <span class='ocrx_word' id='word_1_297' title='bbox 609 3344 661 3406; x_wconf 91' lang='lat' dir='ltr'><strong>Sic</strong></span> <span class='ocrx_word' id='word_1_298' title='bbox 684 3356 771 3429; x_wconf 84' lang='lat' dir='ltr'><strong>recte</strong></span> <span class='ocrx_word' id='word_1_299' title='bbox 793 3344 945 3408; x_wconf 90' lang='lat' dir='ltr'><strong>scribitur</strong></span> <span class='ocrx_word' id='word_1_300' title='bbox 966 3365 1040 3408; x_wconf 91' lang='lat' dir='ltr'><strong>cum</strong></span> <span class='ocrx_word' id='word_1_301' title='bbox 1065 3343 1097 3406; x_wconf 89' lang='lat' dir='ltr'><strong>in</strong></span> <span class='ocrx_word' id='word_1_302' title='bbox 1120 3341 1201 3408; x_wconf 57' lang='lat' dir='ltr'><strong>edita=</strong></span> 
     </span>
     <span class='ocr_line' id='line_1_36' title="bbox 148 3423 1196 3514; baseline 0.005 -25"><span class='ocrx_word' id='word_1_303' title='bbox 148 3423 191 3490; x_wconf 83' lang='lat' dir='ltr'><strong>R.</strong></span> <span class='ocrx_word' id='word_1_304' title='bbox 208 3424 317 3512; x_wconf 71' lang='lat' dir='ltr'><strong>Steplr.</strong></span> <span class='ocrx_word' id='word_1_305' title='bbox 332 3440 405 3493; x_wconf 92' lang='lat' dir='ltr'><strong>tum</strong></span> <span class='ocrx_word' id='word_1_306' title='bbox 420 3429 453 3493; x_wconf 93' lang='lat' dir='ltr'><strong>in</strong></span> <span class='ocrx_word' id='word_1_307' title='bbox 468 3428 580 3507; x_wconf 75' lang='lat' dir='ltr'><strong>Msto,</strong></span> <span class='ocrx_word' id='word_1_308' title='bbox 593 3449 653 3514; x_wconf 92' lang='lat' dir='ltr'><strong>pro</strong></span> <span class='ocrx_word' id='word_1_309' title='bbox 671 3431 712 3492; x_wconf 72' lang='grc' dir='ltr'><strong>ἐπ’</strong></span> <span class='ocrx_word' id='word_1_310' title='bbox 735 3432 838 3507; x_wconf 73' lang='grc' dir='ltr'><strong><em>αὑτοῖς,</em></strong></span> <span class='ocrx_word' id='word_1_311' title='bbox 854 3429 943 3514; x_wconf 92' lang='lat' dir='ltr'><strong>quod</strong></span> <span class='ocrx_word' id='word_1_312' title='bbox 964 3429 1196 3494; x_wconf 82' lang='lat' dir='ltr'><strong>inedition&#39;em</strong></span> 
     </span>
     <span class='ocr_line' id='line_1_37' title="bbox 147 3509 514 3598; baseline 0.005 -22"><span class='ocrx_word' id='word_1_313' title='bbox 147 3509 278 3598; x_wconf 79' lang='lat' dir='ltr'><strong>irrepsit</strong></span> <span class='ocrx_word' id='word_1_314' title='bbox 292 3513 335 3578; x_wconf 90' lang='lat' dir='ltr'><strong>Vi</strong></span> <span class='ocrx_word' id='word_1_315' title='bbox 361 3514 514 3580; x_wconf 83' lang='lat' dir='ltr'><strong>erianam.</strong></span> 
     </span>
    </p>

    <p class='ocr_par' dir='ltr' id='par_1_14' title="bbox 147 3536 1196 3767">
     <span class='ocr_line' id='line_1_38' title="bbox 177 3536 1196 3688; baseline 0.002 -26"><span class='ocrx_word' id='word_1_316' title='bbox 177 3598 229 3676; x_wconf 62' lang='lat' dir='ltr'><strong>P,</strong></span> <span class='ocrx_word' id='word_1_317' title='bbox 242 3605 315 3663; x_wconf 83' lang='grc'><strong>356.</strong></span> <span class='ocrx_word' id='word_1_318' title='bbox 335 3536 424 3664; x_wconf 60' lang='lat' dir='ltr'><strong>ill.</strong></span> <span class='ocrx_word' id='word_1_319' title='bbox 454 3599 667 3683; x_wconf 78' lang='grc' dir='ltr'><strong>κατειλήφασιν]</strong></span> <span class='ocrx_word' id='word_1_320' title='bbox 689 3599 743 3662; x_wconf 89' lang='lat' dir='ltr'><strong>Sic</strong></span> <span class='ocrx_word' id='word_1_321' title='bbox 762 3599 928 3664; x_wconf 79' lang='lat' dir='ltr'><strong>immutavi</strong></span> <span class='ocrx_word' id='word_1_322' title='bbox 946 3599 1112 3688; x_wconf 82' lang='lat' dir='ltr'><strong>vulgatam</strong></span> <span class='ocrx_word' id='word_1_323' title='bbox 1133 3598 1196 3664; x_wconf 75' lang='lat' dir='ltr'><strong>lec-²</strong></span> 
     </span>
     <span class='ocr_line' id='line_1_39' title="bbox 147 3680 1156 3767; baseline 0.001 -18"><span class='ocrx_word' id='word_1_324' title='bbox 147 3680 265 3749; x_wconf 74' lang='lat' dir='ltr'><strong>tionem</strong></span> <span class='ocrx_word' id='word_1_325' title='bbox 279 3686 327 3749; x_wconf 69' lang='grc' dir='ltr'><strong>καὶ</strong></span> <span class='ocrx_word' id='word_1_326' title='bbox 342 3687 496 3767; x_wconf 67' lang='grc' dir='ltr'><strong><em>εἰλήφασιν,</em></strong></span> <span class='ocrx_word' id='word_1_327' title='bbox 511 3685 646 3754; x_wconf 81' lang='lat' dir='ltr'><strong>MStum</strong></span> <span class='ocrx_word' id='word_1_328' title='bbox 661 3698 801 3750; x_wconf 88' lang='lat' dir='ltr'><strong>secutus.</strong></span> <span class='ocrx_word' id='word_1_329' title='bbox 1132 3704 1135 3709; x_wconf 71' lang='grc'><strong><em>’</em></strong></span> <span class='ocrx_word' id='word_1_330' title='bbox 1153 3696 1156 3701; x_wconf 85' lang='grc'><strong>’</strong></span> 
     </span>
    </p>

    <p class='ocr_par' dir='ltr' id='par_1_15' title="bbox 192 3767 1231 3858">
     <span class='ocr_line' id='line_1_40' title="bbox 192 3767 1231 3858; baseline 0.006 -26"><span class='ocrx_word' id='word_1_331' title='bbox 192 3767 314 3847; x_wconf 66' lang='grc' dir='ltr'><strong>Ρι357.</strong></span> <span class='ocrx_word' id='word_1_332' title='bbox 328 3773 393 3836; x_wconf 81' lang='grc'><strong>1.4.</strong></span> <span class='ocrx_word' id='word_1_333' title='bbox 409 3771 456 3834; x_wconf 86' lang='grc' dir='ltr'>Ἥ</span> <span class='ocrx_word' id='word_1_334' title='bbox 474 3797 517 3845; x_wconf 82' lang='grc' dir='ltr'><strong>τις</strong></span> <span class='ocrx_word' id='word_1_335' title='bbox 541 3769 612 3845; x_wconf 70' lang='grc' dir='ltr'><strong><em>ὅσαις</em></strong></span> <span class='ocrx_word' id='word_1_336' title='bbox 633 3769 777 3856; x_wconf 80' lang='grc' dir='ltr'><strong><em>εὔτακτος]</em></strong></span> <span class='ocrx_word' id='word_1_337' title='bbox 795 3774 844 3835; x_wconf 82' lang='lat' dir='ltr'><strong>Ex</strong></span> <span class='ocrx_word' id='word_1_338' title='bbox 863 3771 961 3836; x_wconf 84' lang='lat' dir='ltr'><strong>MSto</strong></span> <span class='ocrx_word' id='word_1_339' title='bbox 983 3771 1115 3848; x_wconf 72' lang='grc' dir='ltr'><strong>εὔτακτος</strong></span> <span class='ocrx_word' id='word_1_340' title='bbox 1134 3794 1198 3858; x_wconf 80' lang='lat' dir='ltr'><strong>pro</strong></span> <span class='ocrx_word' id='word_1_341' title='bbox 1228 3823 1231 3829; x_wconf 87' lang='lat'>-</span> 
     </span>
    </p>
   </div>
   <div class='ocr_carea' id='block_1_3' title="bbox 142 3854 1199 4288">
    <p class='ocr_par' dir='ltr' id='par_1_16' title="bbox 142 3854 1199 4288">
     <span class='ocr_line' id='line_1_41' title="bbox 146 3854 1199 3943; baseline 0.004 -27"><span class='ocrx_word' id='word_1_342' title='bbox 146 3854 290 3930; x_wconf 71' lang='grc' dir='ltr'><strong><em>εὐτάκτοις</em></strong></span> <span class='ocrx_word' id='word_1_343' title='bbox 305 3857 446 3943; x_wconf 89' lang='lat' dir='ltr'><strong>reposui.</strong></span> <span class='ocrx_word' id='word_1_344' title='bbox 1194 3876 1199 3911; x_wconf 85' lang='grc'><strong>-’</strong></span> 
     </span>
     <span class='ocr_line' id='line_1_42' title="bbox 190 3938 1196 4027; baseline 0.003 -23"><span class='ocrx_word' id='word_1_345' title='bbox 190 3938 278 4005; x_wconf 87' lang='lat' dir='ltr'><strong>lbid.</strong></span> <span class='ocrx_word' id='word_1_346' title='bbox 301 3941 326 4008; x_wconf 89' lang='lat' dir='ltr'><strong>l.</strong></span> <span class='ocrx_word' id='word_1_347' title='bbox 342 3959 373 4007; x_wconf 92' lang='grc'><strong>5.</strong></span> <span class='ocrx_word' id='word_1_348' title='bbox 397 3942 647 4025; x_wconf 72' lang='grc' dir='ltr'><strong><em>ἔμαοδιςατὲιτος]</em></strong></span> <span class='ocrx_word' id='word_1_349' title='bbox 670 3941 724 4005; x_wconf 89' lang='lat' dir='ltr'><strong>Sic</strong></span> <span class='ocrx_word' id='word_1_350' title='bbox 741 3941 818 4006; x_wconf 89' lang='lat' dir='ltr'><strong>MS.</strong></span> <span class='ocrx_word' id='word_1_351' title='bbox 844 3943 892 4013; x_wconf 92' lang='lat' dir='ltr'><strong>uti</strong></span> <span class='ocrx_word' id='word_1_352' title='bbox 913 3942 994 4007; x_wconf 86' lang='lat' dir='ltr'><strong>olim</strong></span> <span class='ocrx_word' id='word_1_353' title='bbox 1013 3942 1196 4027; x_wconf 86' lang='lat' dir='ltr'><strong>conjecerat</strong></span> 
     </span>
     <span class='ocr_line' id='line_1_43' title="bbox 142 4027 1199 4116; baseline 0.004 -27"><span class='ocrx_word' id='word_1_354' title='bbox 142 4027 371 4112; x_wconf 83' lang='lat' dir='ltr'><strong>reponendum</strong></span> <span class='ocrx_word' id='word_1_355' title='bbox 385 4029 527 4114; x_wconf 85' lang='lat' dir='ltr'><strong>Vigerus</strong></span> <span class='ocrx_word' id='word_1_356' title='bbox 542 4048 602 4116; x_wconf 83' lang='lat' dir='ltr'><strong>pre</strong></span> <span class='ocrx_word' id='word_1_357' title='bbox 616 4030 859 4110; x_wconf 69' lang='grc' dir='ltr'><strong><em>ἐμαοδιςατένιις.</em></strong></span> <span class='ocrx_word' id='word_1_358' title='bbox 893 4029 1011 4094; x_wconf 88' lang='lat' dir='ltr'><strong>Statim</strong></span> <span class='ocrx_word' id='word_1_359' title='bbox 1021 4027 1199 4114; x_wconf 19' lang='lat' dir='ltr'><strong>-posthds</strong></span> 
     </span>
     <span class='ocr_line' id='line_1_44' title="bbox 145 4109 1198 4202; baseline 0.001 -26"><span class='ocrx_word' id='word_1_360' title='bbox 145 4111 205 4176; x_wconf 74' lang='lat' dir='ltr'><strong>sed</strong></span> <span class='ocrx_word' id='word_1_361' title='bbox 220 4113 329 4179; x_wconf 84' lang='lat' dir='ltr'><strong>minus</strong></span> <span class='ocrx_word' id='word_1_362' title='bbox 343 4128 442 4194; x_wconf 82' lang='lat' dir='ltr'><strong>recte,</strong></span> <span class='ocrx_word' id='word_1_363' title='bbox 457 4112 749 4202; x_wconf 74' lang='grc' dir='ltr'><strong><em>συμσαςασεσαμένιιν</em></strong></span> <span class='ocrx_word' id='word_1_364' title='bbox 763 4135 822 4199; x_wconf 89' lang='lat' dir='ltr'><strong>pro</strong></span> <span class='ocrx_word' id='word_1_365' title='bbox 837 4109 1163 4201; x_wconf 65' lang='grc' dir='ltr'><strong>σιιασιαρασετιιγ]ν.’ένιιιν.Ι</strong></span> <span class='ocrx_word' id='word_1_366' title='bbox 1194 4135 1198 4163; x_wconf 75' lang='lat'><em>³</em></span> 
     </span>
     <span class='ocr_line' id='line_1_45' title="bbox 190 4196 1197 4288; baseline 0.005 -25"><span class='ocrx_word' id='word_1_367' title='bbox 190 4196 277 4264; x_wconf 82' lang='lat' dir='ltr'><strong>Ibid.</strong></span> <span class='ocrx_word' id='word_1_368' title='bbox 303 4200 380 4280; x_wconf 81' lang='grc'><strong>1.,9.</strong></span> <span class='ocrx_word' id='word_1_369' title='bbox 410 4201 562 4288; x_wconf 73' lang='grc' dir='ltr'><strong><em>ἐκνεύσεσι]</em></strong></span> <span class='ocrx_word' id='word_1_370' title='bbox 591 4201 669 4267; x_wconf 88' lang='lat' dir='ltr'><strong>Hoc</strong></span> <span class='ocrx_word' id='word_1_371' title='bbox 694 4198 823 4286; x_wconf 86' lang='lat' dir='ltr'><strong>reposui</strong></span> <span class='ocrx_word' id='word_1_372' title='bbox 848 4220 908 4286; x_wconf 87' lang='lat' dir='ltr'><strong>pro</strong></span> <span class='ocrx_word' id='word_1_373' title='bbox 931 4198 1037 4264; x_wconf 73' lang='grc' dir='ltr'><strong><em>νεόνισι</em></strong></span> <span class='ocrx_word' id='word_1_374' title='bbox 1059 4196 1197 4269; x_wconf 75' lang='lat' dir='ltr'><strong>Marum</strong></span> 
     </span>
    </p>
   </div>
   <div class='ocr_carea' id='block_1_4' title="bbox 0 0 1350 4740">
    <p class='ocr_par' dir='ltr' id='par_1_17' title="bbox 0 0 1350 4740">
     <span class='ocr_line' id='line_1_46' title="bbox 0 0 1350 4740; baseline 0 0"><span class='ocrx_word' id='word_1_375' title='bbox 0 0 1350 4740; x_wconf 95' lang='lat' dir='ltr'><strong> </strong></span> 
     </span>
    </p>
   </div>
  </div>
 </body>
</html>
