2684 4740
416 318 755 387 ARCHELAUS.
1043 332 1106 407 125

54 515 95 556 eo
107 503 244 576 &mpure
255 496 410 575 iueoepisse
422 495 637 573 quodaminodo
651 495 705 551 dici
721 493 857 570 potnerit.
893 491 1015 550 Videtur
1029 491 1107 553 enim

55 578 229 637 Archelaus
240 587 310 656 post
327 576 509 635 confutatum
529 594 625 633 eoram
640 573 791 632 Judicibns
810 570 970 640 Manetem,
985 593 1045 631 rem
1059 583 1107 630 to·

57 671 121 718 tam
140 661 254 716 emotis
276 676 327 736 per
347 657 448 715 orher'n
467 658 610 734 episcopis
631 665 731 712 notam
751 654 863 721 fecisse,
879 663 912 710 ut
925 653 1035 711 labanti
1050 655 1106 711 Ca-

58 738 181 797 tholicae
202 738 296 805 Fidei,
321 736 429 814 qne'nta
453 748 572 816 possent
595 736 760 801 sedulitate,
784 744 993 803 succurrerent,
1015 740 1109 810 eoque

59 828 152 899 pacto
164 818 377 885 faetumfuisse
390 836 442 896 par
456 828 510 881 est,
526 827 559 875 ut
572 819 622 892 qui
638 816 774 875 subdolos
795 815 1025 873 Manichaeorum
1040 835 1109 893 pro·

61 916 182 977 grassem·
199 898 386 976 ignorabant,
400 909 470 956 tune
491 898 605 956 illorum
625 897 757 954 haeresim
772 907 865 954 ortam
879 896 968 953 fuisse
982 897 1110 953 credide·

61 981 134 1049 rint,
156 996 229 1039 earn·
241 980 366 1060 primum
386 977 515 1057 ejusdem
535 978 672 1036 notitiam
693 998 729 1036 ex
750 977 885 1034 Archelai
904 977 995 1034 literis
1015 977 1110 1034 hahu-

63 1071 161 1119 eunti

104 1140 165 1200 Sed
177 1151 209 1198 et
219 1141 328 1198 habitas
342 1140 380 1199 ah
392 1139 538 1199 Archelao
551 1141 755 1218 disputationis
769 1149 882 1218 tempus
902 1148 938 1197 eir
954 1139 995 1197 D.
1009 1139 1111 1197 Leone

63 1220 181 1299 Magno
270 1220 344 1279 isias·
353 1221 497 1298 designari
511 1231 619 1300 potest,
635 1222 729 1297 quiin
745 1221 883 1278 Sermone
898 1220 938 1278 11.
953 1220 989 1278 de
1003 1221 1110 1277 Pente-

66 1312 159 1370 coste,
221 1300 366 1359 dichenrm
385 1304 557 1370 innotuisse,
571 1304 624 1368 ait,
638 1300 737 1358 Probo
751 1301 825 1379 Imp.
840 1311 869 1357 et
887 1301 1010 1359 Paulino
1025 1301 1110 1360 Coss.

66 1402 146 1441 anno
159 1382 237 1460 post
260 1382 369 1439 Christi
394 1385 632 1440 resurrectionem
658 1400 727 1441 cci..
749 1392 781 1440 ut
805 1381 1049 1439 accommodatius
1075 1381 1113 1439 ad

190 1462 318 1537 logicam·
333 1465 484 1521 veritatem
506 1465 536 1519 in
557 1464 657 1520 codiee
679 1463 839 1519 Oxoniensi
858 1463 916 1538 legi
936 1462 1112 1522 Quesnellus

194 1586 201 1600 .
226 1540 268 1600 At
280 1544 329 1600 hio
341 1542 442 1611 Probi,
458 1553 487 1600 et
500 1544 615 1601 Paulini
629 1543 795 1601 consulatus
809 1542 920 1621 pa'rtem
934 1545 1002 1600 anui
1017 1544 1114 1621 primi,

69 1636 97 1681 et
109 1623 229 1682 sectandi
245 1623 364 1701 Imperii
383 1624 472 1682 Probi
487 1626 629 1691 continet,
644 1643 729 1699 quem
743 1624 870 1680 obeunte
883 1624 988 1681 Tacito
1002 1625 1048 1681 die
1065 1622 1112 1681 13.

69 1703 188 1782 Aprilis,
203 1702 322 1782 ejusque
335 1704 424 1762 fratre
437 1705 576 1762 Floriano
588 1715 656 1783 post
670 1706 741 1761 duos
754 1723 865 1760 menses
880 1705 990 1771 occiso,
1000 1703 1112 1761 Roma-

69 1802 137 1842 num
161 1782 319 1862 Imperium
344 1785 504 1843 obtinuisse
528 1794 662 1855 coustat;
688 1803 776 1860 quare
800 1785 825 1840 si
843 1783 931 1862 juxta
953 1783 1113 1842 Eusebium

72 1862 147 1923 anno
159 1865 250 1922 Probi
267 1883 303 1926 11.
323 1875 354 1922 et
367 1864 457 1944 juxta
471 1866 601 1924 Leonem
619 1865 762 1941 Magnum
776 1865 830 1922 sub
844 1864 997 1922 consulatu
1011 1864 1113 1932 Probi,

71 1954 99 2002 et
118 1944 238 2004 Paulini
254 1945 402 2024 patefacta
422 1957 466 2004 est
486 1947 717 2004 Manichaeorum
737 1947 865 2015 haeresis,
880 1947 1042 2005 necessario
1056 1945 1115 2003 dioi

71 2023 166 2094 dehet,
179 2026 316 2085 Archelai
335 2046 401 2084 enm
418 2027 539 2085 Mduetc
557 2028 792 2107 disputationem,
805 2045 857 2105 per
871 2030 957 2103 quam
976 2028 1115 2085 nnire'rste

72 2106 199 2165 ecelesiae
218 2104 347 2164 Manetis
369 2125 449 2166 error
469 2109 610 2178 innotuit,
632 2108 769 2166 accidisse
789 2109 866 2165 intra
886 2108 1007 2175 Jullum,
1028 2117 1115 2184 atque

72 2185 264 2246 Decembrem
281 2189 352 2245 anni
372 2205 537 2247 cccxxvrr.
571 2189 680 2247 Verum
698 2189 834 2246 Archelai
854 2188 1049 2255 nostriverha
1062 2186 1115 2244 he-
1172 2244 1175 2251 ,

72 2269 160 2344 signe
180 2276 249 2325 snut
268 2270 495 2348 interpretantis,
514 2271 564 2346 qui
585 2271 615 2328 iu
637 2288 700 2348 cap.
720 2270 809 2328 xxvii.
832 2269 1035 2348 disputationis
1055 2286 1116 2326 suae

71 2358 138 2427 post
150 2350 298 2406 merentes
311 2350 372 2407 lere
386 2368 478 2408 annos
494 2371 512 2408 s
523 2351 632 2407 Christi
648 2359 752 2419 morte,
764 2351 824 2407 imo
837 2359 904 2428 post
917 2358 1073 2417 trecentos,
1086 2358 1117 2406 et

73 2444 109 2486 eo
125 2424 258 2507 amplins'
270 2428 362 2487 anubs
382 2427 420 2488 ah
440 2432 538 2489 eadem
560 2432 669 2489 Christi
687 2440 782 2488 morte
799 2431 946 2487 advenisse
964 2429 1116 2488 Manetem
1172 2486 1175 2497 ,

74 2510 185 2568 asserlt.
225 2510 401 2567 Aschelanm
420 2513 497 2568 euim
518 2512 554 2569 ad
576 2510 806 2587 exaggerandam
824 2511 952 2567 Manetis
972 2508 1116 2567 stolidita-

73 2600 142 2658 tem,
162 2584 213 2665 'qiu
234 2590 404 2667 paraclitum
426 2590 558 2669 spiritum
579 2613 598 2649 a
619 2592 737 2648 Christo
757 2592 941 2668 promissum,
961 2590 1067 2647 temere
1085 2608 1117 2646 se

74 2688 136 2729 esse
147 2670 320 2737 affirmabat,
333 2688 475 2729 annorum
487 2690 637 2730 numerum
652 2673 682 2728 iu
696 2672 900 2748 disputationis
916 2680 987 2728 astu
1001 2670 1116 2728 auxisse

74 2751 227 2810 dicendum
241 2759 305 2819 est,
330 2762 362 2808 ut
386 2752 490 2809 clarius
514 2753 690 2820 ostenderet,
715 2753 810 2829 ipsum
835 2750 925 2827 longo
951 2751 1024 2809 adeo
1050 2759 1118 2829 post
1179 2808 1190 2817 ,

76 2831 185 2891 carim
203 2840 326 2888 mortem
343 2842 475 2910 tempore
493 2842 699 2909 emergentem,
714 2832 884 2911 paraclitum
899 2850 961 2889 esse
975 2849 1034 2889 non
1048 2834 1117 2910 pos·⁴

76 2928 116 2982 re,
129 2926 217 2991 quem
231 2910 317 2968 Jesus
331 2922 495 2990 postauam
509 2912 539 2970 in
553 2914 639 2971 calos
654 2932 814 2981 ascensum,
831 2912 909 2973 illico
923 2932 954 2970 se
968 2912 1118 2990 Apostolis

76 2995 230 3051 missurum
243 2989 444 3060 affirmaverat,
459 3001 489 3050 et
508 3012 607 3051 revera
626 3006 693 3072 post
712 2995 922 3070 quinquaginta
941 2993 977 3051 ab
996 2992 1057 3071 ejus
1071 3012 1117 3050 re-

76 3072 335 3156 surrectioue'dies
355 3072 392 3130 ab
414 3074 478 3152 ipso
499 3076 617 3132 missum
639 3074 738 3142 fuisse,
757 3073 967 3152 Apostolorum
988 3084 1054 3131 acta
1074 3073 1118 3130 di·

76 3161 319 3211 serre-testantur.

115 3234 175 3293 His
195 3229 232 3289 de
248 3230 386 3291 'Archelai
407 3252 472 3292 cnm
490 3234 611 3291 Manete
629 3236 832 3314 disputationis
853 3245 1118 3313 temporaneam·
1184 3298 1187 3303 ,

77 3313 221 3380 sionibus,
240 3313 335 3388 'deque
360 3312 486 3392 ejusdem
511 3316 647 3373 Archelai
673 3317 831 3394 episcopali
860 3318 924 3374 sede
952 3315 1118 3393 prelibatis,

77 3392 221 3471 agendum
246 3392 332 3450 nohis
357 3403 402 3450 est
424 3394 458 3451 de
481 3397 664 3472 synceritate,
690 3407 777 3473 atque
800 3398 967 3475 prestantia
991 3394 1120 3474 ejusdem

29 3511 35 3527 .
77 3475 185 3553 operis,
196 3492 231 3531 ac
241 3480 381 3551 praeterea
394 3474 558 3543 videndum,
570 3496 607 3534 an
618 3477 714 3553 aliqua
728 3479 772 3533 sui
786 3488 868 3553 parte
883 3476 1046 3534 mutilatum
1060 3478 1116 3546 sit;

76 3563 226 3633 memo
239 3550 434 3623 indicandum,
449 3574 581 3632 quanam
595 3567 737 3626 actorum,
753 3578 817 3634 quas
836 3558 949 3633 integra
966 3576 1044 3615 nune
1060 3559 1120 3636 pri·

76 3636 118 3691 mi
140 3632 264 3702 edimus,
285 3634 449 3709 fragmenta
474 3635 545 3693 olim
564 3637 595 3693 in
616 3637 710 3694 lucem
731 3639 901 3714 prodierint,
925 3647 955 3694 et
978 3657 1014 3695 ex
1038 3636 1120 3715 enjus

76 3711 377 3774 bibll'o'theeeoodiee
398 3716 487 3772 editio
508 3726 609 3773 nostra
626 3718 804 3794 profluxerit.
845 3718 886 3775 Et
899 3719 992 3795 prImo
1006 3717 1121 3794 quidem

76 3795 116 3853 de
129 3804 262 3853 aetorum
275 3796 397 3852 istorum
411 3797 584 3871 synceritate
598 3799 723 3874 suspicio
738 3798 817 3855 nulle
831 3799 899 3854 oriri
913 3807 1030 3875 potest,
1052 3817 1120 3857 nam

76 3870 262 3953 Epiphanius
280 3890 358 3931 anno
377 3876 484 3932 Christi
501 3894 672 3934 ccccxxvi.
687 3879 820 3935 adversus
841 3879 962 3934 hereses
983 3877 1121 3944 scribens,

77 3950 246 4031 imtgue'ex
260 3956 455 4032 disputatione
469 3957 604 4014 Archelai
617 3952 810 4032 fragmentum
826 3959 948 4036 protulit
967 3959 997 4014 in
1019 3957 1121 4024 haeresi

76 4032 312 4093 Manichaeorum
326 4054 388 4112 cap.
400 4056 468 4096 xxv.
483 4039 559 4112 quod
573 4036 699 4114 ejusdem
713 4039 790 4113 ¹actls
805 4057 841 4096 ex
855 4039 946 4095 latina
959 4038 1089 4093 versione
1104 4056 1122 4095 a

78 4113 168 4177 nohis
188 4115 220 4170 in
238 4108 332 4173 lucem
351 4117 435 4173 editis
449 4133 564 4194 prorsus
578 4119 750 4196 respondet;
774 4138 808 4176 ac
821 4131 960 4195 praeterea
973 4117 996 4173 si
1010 4117 1122 4173 Arche-

79 4193 122 4253 lai
143 4195 282 4287 rationes,
303 4205 390 4274 atque
410 4208 582 4273 argumenta
602 4217 668 4256 cum
680 4198 848 4279 'Epiphanii
873 4197 1121 4259 confutationibus
