2684 4740
144 310 205 379 ,ιφ
494 288 823 359 aucunnaus.

148 465 282 521 Ceterum
304 481 340 521 eo
359 463 423 541 ipsu
440 481 518 521 anno
531 483 589 540 quo
606 464 703 542 prodit
724 463 917 542 Alphabetum
937 465 1129 538 libusuam,
1143 471 1188 527 vir

149 542 223 602 alter
235 543 439 600 eruditissimus
453 545 615 601 eorumdem
629 546 769 600 Actorum
783 545 979 620 iutegritatem
992 557 1096 606 contra
1109 568 1187 626 pras·

149 625 242 683 fatum
261 621 469 680 Beausohrium
490 635 604 681 strenue
624 617 823 701 propugnasse
842 627 1018 703 comperitur
1031 630 1187 702 (traam,

149 704 227 762 Stor.
241 704 304 760 crit.
318 701 392 759 delle
406 703 471 760 Vite
484 703 560 778 degli
573 704 655 762 Eres.
668 714 777 761 tumr.
790 724 857 781 pag.
869 707 939 763 215.
953 718 983 763 et
995 709 1104 784 seqq).

189 783 265 840 Illud
277 797 415 860 praterea
425 802 489 840 cum
502 785 564 840 viro
578 784 664 841 docto
678 784 904 842 animadvertere
916 787 1048 857 interest,
1059 789 1139 858 aiii.
1149 787 1187 846 il-

148 867 209 924 lins
224 863 377 939 fragmenti
392 864 531 920 Actorum
550 864 751 940 disputationis
770 865 917 933 Archelai,
931 867 1009 943 qnod
1026 886 1064 924 ex
1082 868 1190 944 cyrilli

149 940 407 1020 Hierosolymitaui
421 944 571 1000 catechesi
581 944 619 1001 ri.
633 945 793 1001 desumtum
807 946 907 1003 iisdem
920 948 1004 1003 Actis
1016 945 1185 1025 subjicitur,

148 1023 415 1100 Hierusolymitano
428 1025 523 1100 potius
538 1025 674 1101 episcopo
685 1043 770 1100 quam
781 1025 970 1082 cascharensi
983 1045 1046 1084 esse
1058 1027 1189 1085 fortasse

148 1106 341 1164 tribuendum.
363 1104 409 1160 Sic
423 1106 499 1187 enim
512 1103 560 1160 ille
576 1103 692 1178 (Toute'e
704 1124 773 1181 opp.
782 1105 817 1168 ,8.
829 1105 930 1182 cyrilli
943 1106 1062 1166 Hieros.
1075 1126 1107 1185 p.
1119 1108 1189 1166 1⁰5.

148 1207 178 1246 n.
191 1187 270 1265 (c)):
293 1183 455 1240 “Tametsi
475 1184 547 1252 hac,
561 1185 665 1258 inquit,
679 1184 715 1241 ab
737 1185 821 1241 initio
841 1186 1014 1264 paragraphi
1031 1188 1073 1246 iii.
1096 1206 1189 1264 usqne

149 1267 186 1325 ad
206 1267 303 1331 finem,
323 1263 457 1321 Archelai
480 1264 573 1320 rerhis
597 1263 720 1341 Cyrillus
743 1265 838 1322 dicere
857 1266 1009 1339 rideatur3
1033 1285 1127 1344 qaum
1144 1267 1189 1325 ihi

149 1346 295 1425 subjiciat,
309 1343 473 1417 Hujusmodi
484 1346 598 1420 aliisque
609 1345 733 1420 pluribus
746 1347 825 1403 diefis
837 1347 1004 1405 msere
1016 1350 1125 1407 duco.-
1142 1356 1189 1406 ta-

147 1429 216 1487 11113
232 1425 382 1485 Archelaus
402 1425 515 1482 Manem
532 1425 771 1502 conflictationibus
792 1428 999 1502 prmtemedat3
1024 1428 1104 1485 unde
1126 1428 1187 1485 Ζι-

148 1507 267 1584 cagnius
285 1507 348 1563 hac
366 1506 465 1563 omnia
482 1505 519 1562 ad
538 1505 645 1562 calcem
665 1506 867 1582 disputationis
886 1507 1023 1565 Archelai
1034 1518 1187 1583 tamquam

149 1600 259 1668 partem
274 1585 335 1664 ejus
348 1605 443 1644 reram
462 1585 613 1663 appinxit:
638 1585 824 1642 nihilominus
842 1588 872 1644 in
892 1588 950 1644 hoc
967 1586 1035 1645 loco
1047 1588 1187 1647 Archelai

146 1669 234 1727 rerba
250 1668 389 1736 desinere,
407 1676 438 1723 et
456 1675 562 1734 cetera,
581 1666 617 1723 ab
637 1667 683 1723 his
701 1665 806 1734 verbis,
820 1668 853 1724 Si
865 1675 957 1726 uatem
971 1669 1023 1727 dic.
1039 1687 1133 1745 usque
1149 1669 1187 1727 ad

146 1750 243 1815 finem,
262 1769 280 1806 a
304 1747 413 1824 cyrillo
437 1746 615 1824 parenthesis
637 1747 709 1813 rice,
730 1747 866 1804 Archelai
885 1748 1048 1805 rationibus
1069 1747 1187 1826 adjecta

148 1847 306 1888 censemus.
347 1827 454 1883 Saltem
468 1826 593 1882 dubitari
605 1845 666 1883 non
678 1835 777 1904 potest
789 1827 858 1903 quin
872 1827 961 1885 verba
971 1834 1064 1888 ταῦτα
1077 1829 1119 1888 τὰ
1135 1854 1186 1904 μυ-

148 1909 224 1989 sipia
244 1908 363 1965 inferius
380 1907 486 1984 posita,
501 1906 601 1983 cyrilli
620 1906 679 1962 sint
697 1925 758 1963 nun
771 1907 918 1975 Archelai,
932 1908 1044 1965 duabus
1061 1909 1186 1971 ratium·

146 1990 201 2047 hus
223 2008 286 2064 quae
306 2005 392 2044 omne
412 1995 550 2064 punctum
571 1986 713 2045 adferunt.
745 1986 771 2044 1.
791 1987 868 2043 enim
888 1990 940 2056 ait,
961 1989 1102 2066 mysteria
1120 2007 1184 2064 qua

149 2087 228 2127 nunc
241 2068 367 2125 audienti
383 2085 399 2123 e
413 2066 692 2123 Catechumenorum
705 2076 783 2123 sorte
798 2085 914 2142 egressu
927 2068 1059 2146 exponit,
1070 2067 1185 2126 licitum

146 2168 207 2207 non
228 2167 290 2204 esse
312 2146 475 2204 Gentilibus
496 2148 606 2224 aperire
618 2171 627 2218 3
656 2157 742 2224 atque
762 2148 792 2203 in
815 2147 862 2204 his
884 2149 1028 2225 mysteriis
1050 2149 1185 2207 nomiarrt

147 2228 332 2287 'sanctissima
344 2227 496 2284 Trinitatis
510 2227 679 2285 doctrinam.
720 2229 818 2302 Atque
838 2237 871 2284 ut
887 2228 950 2284 haec
967 2228 1100 2305 apprime
1112 2246 1183 2287 con·

146 2311 265 2367 veniunt
279 2307 382 2385 cyrilli
392 2306 581 2375 auditoribus,
596 2326 612 2363 e
626 2307 906 2365 catechumenorum
919 2317 998 2365 statu
1009 2308 1041 2364 in
1055 2307 1183 2367 fidelium

145 2408 252 2447 nomen
274 2408 307 2446 ac
329 2388 447 2465 gradum
465 2387 623 2456 translatis,
639 2387 747 2445 catech.
759 2406 787 2446 r.
802 2389 827 2457 i.
845 2389 872 2447 1.
891 2387 994 2465 quihus
1013 2388 1184 2464 mysterium

145 2471 297 2528 Trinitatis
312 2470 421 2526 Catech.
436 2469 473 2525 iv.
493 2467 658 2544 planissime
679 2476 848 2544 aperuerat;
871 2468 914 2524 ita
930 2487 991 2525 non
1004 2470 1184 2526 conveniunt

144 2551 269 2617 Maneti,
291 2551 340 2626 qui
361 2548 470 2626 cyrillo
490 2556 564 2604 teste
587 2547 695 2605 catech
711 2548 750 2604 vi.
773 2549 798 2617 ξ.
812 2548 861 2606 21.
882 2567 975 2624 neque
999 2547 1183 2606 Christianus

145 2649 291 2707 umquam,
306 2649 399 2706 neque
419 2628 456 2685 ab
475 2627 596 2685 ecclesia
613 2626 736 2704 rejectus
753 2626 858 2696 fuerat,
872 2629 977 2685 nedum
990 2627 1183 2686 catechume-

145 2730 200 2769 nus
215 2720 265 2767 aut
278 2710 556 2767 catechumenorum
577 2708 697 2783 gradum
711 2725 921 2784 supergressus,
936 2717 1023 2784 atque
1034 2708 1079 2765 ita
1092 2707 1183 2767 eccle·

146 2793 196 2847 sia
210 2789 284 2847 filius
297 2788 391 2846 factus
405 2797 490 2854 esset,
506 2788 667 2846 Procutech.
682 2788 708 2856 ξ.
719 2788 781 2845 xiii.
815 2787 892 2844 Nam
907 2788 1140 2846 catechumenos
1153 2806 1184 2844 re

145 2887 213 2927 vera
227 2869 263 2926 ab
278 2867 398 2926 ecclesia
409 2865 490 2944 rejici
504 2866 609 2944 probat
621 2866 749 2936 Lucifer,
765 2868 813 2943 qui
826 2868 856 2924 in
870 2866 945 2924 libro
958 2869 1008 2925 De
1020 2886 1076 2925 aon
1088 2886 1184 2925 com

145 2951 246 3009 aiendo
260 2950 312 3005 &a
334 2947 537 3004 constantium
558 2947 759 3026 imperatorem
781 2959 866 3005 vocat
886 2948 1020 3006 homiaem
1039 2951 1187 3006 accium

145 3047 256 3105 corpure
267 3035 368 3085 saumae
379 3029 503 3085 ecclesiae.
698 3051 700 3055 ·

186 3110 249 3167 Ait.
262 3109 305 3165 11.
318 3128 381 3184 quae
395 3127 472 3165 nnnc
486 3107 622 3184 mysteria
635 3108 696 3164 sine
710 3108 865 3166 involucris
879 3108 1010 3186 exponit,
1024 3107 1108 3165 nefas
1120 3126 1183 3167 esse

145 3209 244 3249 coram
265 3187 419 3265 gentilibus
439 3187 583 3266 proloqui.
624 3190 720 3264 Atque
740 3189 770 3244 in
792 3188 952 3245 Gentilium
971 3188 1119 3246 auditorio
1137 3188 1183 3247 lo·

146 3271 288 3346 quehatur
304 3267 474 3334 Archelaus,
494 3278 525 3324 nt
546 3286 582 3324 ex
604 3269 629 3337 i.
643 3269 663 3325 i.
683 3269 838 3342 fragmenti
857 3267 1007 3344 cyrilliaui
1024 3268 1183 3344 colligitur.

146 3351 194 3408 11Ιὶ
218 3351 306 3427 igitur
328 3350 479 3424 affingetur
502 3349 702 3406 contradicens
723 3350 829 3415 oratio,
849 3368 906 3424 qua
925 3361 1014 3422 neget
1032 3367 1064 3404 se
1085 3367 1183 3405 eoram

146 3432 269 3488 ethnicis
286 3430 376 3505 loqui,
390 3447 461 3505 quos
481 3438 577 3486 tamen
594 3429 809 3506 disceptationis
823 3427 936 3505 judices
956 3427 1064 3485 haheat
1074 3451 1085 3500 ς
1107 3427 1184 3487 afir-

146 3521 261 3586 metque
281 3528 313 3566 se
332 3528 368 3565 ea
388 3509 523 3585 mysteria
539 3507 692 3585 explicare,
705 3509 741 3565 de
758 3507 861 3582 quibus
876 3508 998 3583 quaestio
1015 3507 1097 3565 nulla
1111 3519 1186 3567 erat.

146 3593 244 3653 Quum
258 3591 355 3666 itaque
368 3589 465 3654 verba,
479 3595 570 3647 ταῦτα
582 3586 620 3646 sal
633 3588 757 3667 assigna,
770 3589 927 3645 certissime
940 3588 999 3644 sint
1011 3586 1126 3663 cyrilli,
1135 3607 1185 3645 ca-

146 3690 202 3748 que
217 3689 280 3726 cum
295 3667 487 3746 superioribus
507 3668 669 3725 necessaria
689 3669 870 3725 counexione
890 3668 1109 3737 devinciuntur3
1131 3686 1185 3726 ne·

144 3769 272 3888 ‚⁰33⁰
283 3746 1187 3906 1111ζὲ111111ᾎῖ3311131ζέ11..ἕᾙ

145 3913 241 3969 theses
260 3909 405 3984 longiores
425 3908 534 3985 cyrillo
551 3927 613 3965 nou
630 3909 783 3966 inusitatae.
815 3908 881 3966 Vid.
898 3909 1006 3966 Cutecd.
1016 3909 1076 3965 xri.
1092 3908 1122 3976 1.
1138 3909 1186 3966 14.

145 3994 230 4049 Hom.
245 3992 275 4047 ia
289 3991 385 4047 Parui.
403 3990 499 4063 §.viii
513 4007 605 4064 usque
623 3988 711 4045 adai.
752 3988 895 4044 Praeterea
914 3988 960 4044 ha
980 3988 1066 4052 unius
1087 3988 1188 4065 Scrip-

147 4082 219 4128 tura
238 4069 294 4126 loci
313 4070 469 4126 secundum
488 4069 614 4125 diversas
632 4069 789 4124 sententias
807 4066 1024 4144 explicationes,
1038 4065 1102 4143 ejus
1116 4076 1189 4123 snut

146 4151 266 4227 ingenii,
281 4160 314 4207 ut
325 4150 421 4206 videre
435 4159 479 4205 est
494 4149 603 4207 Catecls
614 4149 682 4205 xvii.
697 4149 741 4216 11.
752 4149 780 4206 9.
791 4158 821 4204 et
836 4147 881 4205 10.
897 4144 1008 4205 Catecd.
1018 4147 1082 4204 xiii.
1096 4147 1126 4216 §-
1136 4148 1188 4207 21.
