2684 4740
169 315 222 383 ΙΝ
242 314 511 386 FRAGMENT.
530 312 719 381 INCERTI
735 311 1011 379 SCRIPTORIS.
1067 325 1111 399 33

73 493 95 545 ‘.‘
117 486 164 551 'ui
182 487 227 553 dd
245 485 481 573 nosspe'rve'nit,
500 485 686 572 quaerimus.
715 484 793 550 Vid.
807 485 862 549 Jo.
876 483 955 548 Alb.
971 478 1110 547 Fabricii

70 578 94 612 “
108 508 214 638 iisdem
225 571 433 658 Aponppltus
447 571 535 637 Novi
547 572 690 636 Testem.
705 580 787 634 tom.
797 569 842 633 iii.
856 590 933 656 pag.
944 573 1015 643 tols
1058 568 1111 633 Ex

71 663 92 696 “
104 657 169 722 boc
181 658 353 743 colligunt,
369 659 541 734 Hermam,
557 656 604 720 Pii
618 654 763 735 fratrem,
777 654 895 719 librum
910 651 1076 738 reliquime
1088 672 1114 717 a

68 748 93 782 “
106 756 219 807 nostro
231 745 365 808 Pastore
375 741 547 807 diversum.
591 741 626 804 Si
642 741 757 804 Graece
771 742 886 804 Pastor
900 738 1032 802 Hermae
1045 737 1109 803 ho⁴

68 826 155 891 “die
175 839 311 906 extaret,
330 827 358 891 si
375 826 417 891 ad
437 847 497 891 uos
519 826 680 912 integrum
703 824 845 890 delatum
868 845 938 889 esse
958 822 1108 889 libellum

68 916 90 952 “
103 911 204 992 bunc,
229 912 332 978 dubio
358 925 492 989 careret,
517 932 582 975 non
609 909 787 996 spernenda
812 923 897 974 esset
919 909 990 972 haec
1011 909 1108 974 ratio.

67 997 153 1061 “At
189 1019 269 1063 uum
286 996 437 1063 Latinam
456 1008 583 1060 tantum
604 995 780 1060 habeamus
796 986 1108 1080 irsterpretationeln,

66 1086 91 1121 “
103 1019 306 1169 eandemque
319 1081 463 1147 fortassis
480 1079 639 1158 mutilam,
654 1081 759 1144 omnis
779 1100 891 1165 expers
907 1078 1032 1144 virtutis
1046 1077 1108 1142 ha·

65 1166 173 1231 “beri
190 1167 299 1232 debet.
341 1165 524 1232 Verisimile
542 1178 603 1243 est,
622 1164 835 1231 Orientalium
857 1175 890 1228 et
913 1164 1106 1228 Graecorum

63 1249 361 1316 “Christianorum
387 1251 474 1330 illos,
501 1250 557 1337 qui
586 1249 861 1336 quartodecimani
887 1249 1107 1327 nominantur,

65 1340 88 1375 “
100 1334 212 1402 locum
235 1336 322 1403 huuc
344 1336 386 1401 de
407 1347 554 1421 tempore
577 1335 750 1416 Paschatis,
769 1335 843 1421 quia
862 1333 1028 1399 sententiae
1046 1355 1106 1399 eo·

64 1425 176 1487 “rum
196 1421 386 1500 obsistebat,
399 1442 440 1486 ex
462 1421 592 1485 Pastore
611 1420 778 1508 ejecisse.''
799 1440 832 1504 p.
850 1425 916 1485 164.
960 1420 1044 1483 Haec
1058 1418 1107 1485 vir

63 1506 272 1590 praes'tantiss.
283 1520 397 1572 contra
415 1504 636 1591 pervulgatam
655 1505 745 1570 illam
763 1504 804 1569 de
822 1505 948 1569 Herma
963 1503 1106 1571 Pastoris·

64 1603 197 1657 auctore
207 1591 416 1670 sententiam3
430 1613 503 1677 quae
514 1604 621 1655 tamen
633 1590 684 1654 vix
695 1603 728 1654 et
739 1612 780 1656 ne
792 1589 842 1653 vix
853 1589 985 1675 quidem
997 1609 1110 1653 recen-

63 1674 183 1753 tiorum
205 1689 254 1741 est
275 1676 471 1763 scriptorum
491 1689 734 1754 commentum3
757 1676 890 1739 Hermae
912 1673 999 1738 enim
1023 1674 1107 1739 Pau·

62 1759 129 1824 lino
146 1759 398 1826 adscribendum
421 1781 491 1824 esse
510 1761 652 1825 Pastoris
675 1759 790 1825 librum
811 1760 924 1824 statuit
946 1758 1108 1844 Origenes

62 1841 119 1909 lib.
133 1866 167 1910 x.
181 1847 298 1910 Coram.
314 1845 349 1910 ia
363 1845 469 1930 Epist.
484 1844 527 1909 ad
538 1844 627 1910 Rom.
639 1845 681 1910 ad
697 1846 818 1924 locum,
831 1866 897 1931 quo
913 1846 1050 1908 Hermas
1061 1844 1109 1909 ab

63 1931 214 2013 apostolo
227 1943 520 2009 commemoratur3
539 1929 659 2016 aliique
668 1927 827 2079 praeterea
841 1943 1000 2010 auctores,
1015 1942 1052 1995 ut
1064 1949 1106 1995 ex

62 2014 205 2080 Eusebio
218 2015 342 2081 Hieron
368 2037 488 2103 moque
502 2028 641 2094 constat,
657 2017 668 2079 i
691 2037 742 2079 em
759 2015 970 2079 tradiderunt.
1004 2017 1107 2081 Porro

63 2099 209 2165 nonnulli
222 2102 311 2186 apud
326 2039 535 2167 germaniam
551 2100 608 2164 viri
623 2100 712 2165 docti
731 2100 817 2164 bunc
835 2101 1024 2186 scriptorem
1039 2099 1109 2187 pri-

62 2206 117 2249 mo
137 2185 518 2264 saeculo'vindicandum,
532 2185 639 2251 adhuc
656 2186 828 2272 opinantur
838 2209 848 2264 3
869 2201 977 2249 utrum
994 2199 1105 2250 autern

58 2268 151 2335 noris
165 2270 331 2359 quibusvis
347 2271 522 2336 rationibus
537 2272 728 2336 sententiam
743 2293 834 2335 suam
853 2271 1055 2351 confirment,
1069 2268 1105 2335 id

62 2354 208 2421 nondum
222 2356 302 2421 mihi
316 2356 423 2423 videre
438 2357 587 2442 contigit.
1108 2398 1111 2403 ι

103 2440 171 2505 Sed
190 2462 265 2507 vero
286 2462 384 2528 opera
403 2442 487 2507 iuter
507 2464 542 2505 se
560 2440 630 2506 vult
646 2440 856 2527 distinguere,
872 2443 1007 2505 Hermae
1021 2440 1104 2505 Pau·

59 2522 130 2606 lini,
150 2537 185 2590 et
207 2527 341 2591 Hermae
366 2527 431 2593 sive
455 2526 622 2592 Hermetis
645 2527 692 2591 Pii
715 2527 834 2605 fratris,
855 2524 1046 2590 Gallandius
1068 2524 1110 2591 ia*

63 2609 307 2696 prolegomenis
329 2611 370 2677 de
393 2611 475 2677 Caio
496 2613 699 2698 Presbytero,
715 2614 746 2695 ξ.
762 2613 803 2676 iv.
820 2632 855 2696 p.
870 2610 954 2676 xxxi.
975 2610 1056 2673 tomi
1069 2609 1106 2676 ii.

63 2693 214 2761 tristiora.
232 2699 376 2777 Patrum,
394 2696 640 2783 luculenterque
660 2696 747 2760 idem
770 2697 947 2765 ostendisse
965 2695 1010 2759 ait
1023 2697 1103 2782 Jus-

63 2790 133 2845 tum
152 2782 380 2862 Fontaninum,
396 2782 485 2846 Hist.
500 2783 583 2847 Litt.
597 2781 710 2870 Aqatt.
724 2782 781 2846 lib.
793 2782 827 2846 ii.
843 2803 915 2867 cap.
931 2797 958 2844 1.
1004 2781 1105 2846 Porro

64 2861 132 2931 hec
144 2864 215 2951 ipse
228 2867 342 2932 scribit
355 2866 543 2933 Gallandius
557 2868 645 2933 lectu
658 2867 745 2933 haud
761 2868 903 2954 indigna.
940 2873 965 2907 “
977 2867 1105 3014 guam·

65 2949 278 3017 “admodum
299 2952 357 3017 viri
378 2952 550 3040 apostolici
571 2974 653 3038 opus
674 2954 740 3018 anti
765 2955 813 3017 uis
830 2951 974 3038 patribus
1018 2961 1105 3019 astar

67 3036 158 3101 “seu
171 3035 251 3101 liter
265 3037 410 3103 Pastoris
428 3038 606 3124 appellatus
628 3037 700 3117 fuit,
715 2977 789 3102 iride
810 3038 943 3102 fortasse
963 3035 1105 3101 derivata

38 3140 41 3145 ·
68 3118 362 3187 “denominatione
386 3122 584 3203 hu'usmodi,
633 3123 698 3187 uod
725 3124 758 3186 in
783 3134 855 3186 toto
880 3122 981 3191 ferme
1005 3142 1104 3208 opere

69 3205 215 3271 “Pastor
231 3206 395 3273 inducitur
452 3228 573 3271 ermam
596 3145 762 3292 ailoquens
782 3220 816 3270 et
835 3207 1032 3270 informans:
1055 3207 1103 3271 ita

70 3289 88 3324 “
98 3305 232 3376 quoque
245 3292 433 3378 contigerit,
448 3304 485 3356 ut
499 3305 532 3356 et
548 3293 712 3356 Hermetis
734 3292 815 3356 liber
828 3291 866 3354 de
880 3291 1034 3354 Pasolrate
1047 3290 1100 3354 fu·

70 3364 161 3439 “erit
173 3376 336 3441 nonnullis
350 3377 464 3441 saltem
479 3380 593 3442 Pastor
607 3378 791 3441 nominatus
802 3400 813 3456 3
833 3375 1007 3462 quiaillius
1022 3396 1101 3439 auc·

67 3455 152 3523 “tor
165 3458 205 3522 de
222 3458 263 3524 iis
281 3460 343 3525 scri
365 3461 417 3540 sit,
437 3483 510 3547 quae
529 3461 558 3525 ei
573 3462 726 3546 praecepit
747 3461 888 3547 angelus,
904 3482 1000 3547 quum
1014 3460 1101 3525 venit

63 3539 85 3577 “
100 3541 146 3608 ad
158 3564 228 3607 eura
240 3543 275 3608 ia
350 3546 398 3610 itu
412 3546 564 3625 Pastoris,
579 3559 615 3610 ut
633 3546 732 3611 habet
746 3546 925 3630 Catalogus
942 3546 988 3609 Il.
1006 3546 1100 3609 Hen-

59 3623 80 3659 “
94 3626 301 3709 scheniauu's,
315 3630 402 3695 unde
415 3652 481 3695 non
495 3630 600 3695 solum
620 3631 778 3717 scriptori,
794 3631 849 3695 sed
862 3630 933 3716 ejus
946 3630 1045 3694 etiam
1059 3630 1100 3695 li-

53 3705 81 3744 “
96 3710 157 3777 bro
172 3714 313 3779 Pastoris
327 3737 446 3780 nomen
463 3714 658 3781 inbaeserit.''
694 3716 830 3781 Librum
852 3730 962 3779 autem
984 3713 1102 3802 injuria

47 3793 215 3883 temporis
233 3797 437 3885 deperditum
456 3800 566 3880 fuisse,
582 3821 679 3885 quem
701 3803 840 3865 Hermes
862 3799 908 3863 Pii
921 3799 1018 3863 frater
1031 3798 1101 3864 edi·

40 3866 153 3960 derit,
177 3895 296 3968 putant
321 3883 512 3949 Gallandius
537 3900 571 3950 et
596 3886 794 3949 Fontaninus
805 3909 816 3964 3
843 3896 877 3947 et
902 3883 1100 3949 Fontaninus

35 3963 202 4039 quidem:
265 3990 302 4053 ¹c
324 3969 514 4033 Hermetem
539 3970 697 4034 nominari
719 3970 836 4034 debere
862 3971 1020 4033 Hermam
1042 3989 1099 4032 ne·

286 4055 397 4118 tamen
419 4054 540 4119 Herma
563 4076 628 4118 aon
647 4054 780 4118 Hermes
799 4054 979 4118 Auctorem
998 4052 1098 4138 hujus

25 4053 246 4231 §Quinti
265 4139 425 4224 appellare
445 4138 600 4218 videmus,
621 4139 705 4203 sicut
719 4140 856 4203 Hermas
876 4137 1101 4213 Pseudo-Ter<

25 4208 342 4374 tulffiaslpabet.
384 4224 492 4289 Immo
506 4237 619 4373 contrlp
635 4224 803 4290 Usuardus
819 4223 987 4288 Paulinum
1003 4221 1097 4290 illum
