2684 4740
166 235 229 299 204
261 214 501 284 ARCHELAI
522 216 578 280 ET
598 215 804 281 MANETIS
826 214 1117 281 DlSPUTATlO.

165 388 274 454 dinem
288 390 398 475 legum
414 410 472 473 per
487 386 631 473 singulos
640 387 760 474 justos,
776 386 833 472 qui
846 387 930 450 bene
944 386 1087 472 agebant
1104 382 1207 447 vitam

165 496 268 576 susm,
282 519 367 560 nunc
382 518 421 560 ex
436 496 614 581 semetipsis
627 496 825 581 proferentes
841 495 874 559 iu
891 494 1044 558 cordibus
1065 491 1134 557 suis
1152 491 1207 555 in·

165 605 260 671 sitam
274 606 339 669 Dei
357 606 477 691 legem,
495 627 579 668 nunc
594 627 613 667 a
627 605 763 690 propriis
784 604 969 691 parentibus
992 603 1205 690 inquirentes,

164 712 338 800 aliquando
352 714 449 776 etiam
469 714 510 776 ab
529 714 764 798 antiquioribus
779 726 814 777 et
833 712 1012 777 senioribus
1031 710 1205 776 addiscen-

164 835 224 886 tes.
268 822 389 885 Verum
410 822 486 907 quia
505 821 600 905 pauci
622 834 704 905 zper
726 820 811 885 hunc
834 821 966 884 modurn
990 830 1141 906 poterant
1162 816 1207 882 ad
1230 906 1238 913 .

160 929 296 1018 justitiae
310 931 439 993 culmen
452 930 633 1007 ascendere,
649 928 742 1006 idest,
754 950 811 1014 per
821 943 990 1014 parentum
1003 927 1207 1006 traditiones,

165 1038 254 1103 nulla
266 1038 299 1101 in
312 1037 413 1103 literis
427 1038 500 1124 lege
514 1038 707 1122 conscripta,
722 1038 891 1102 miseratus
910 1050 961 1101 est
974 1037 1067 1100 Deus
1086 1035 1208 1100 huma·

165 1168 242 1211 num
257 1168 372 1232 genus,
384 1161 417 1211 et
432 1148 582 1232 scriptam
597 1147 706 1232 legem
721 1168 778 1232 per
791 1148 932 1233 Moysen
947 1145 1048 1211 voluit
1060 1144 1207 1209 bomini·

163 1255 324 1336 bundare,
338 1255 489 1341 quoniam
504 1254 634 1341 quidem
648 1278 711 1319 non
724 1255 867 1341 apprime
878 1256 911 1319 in
922 1254 1075 1319 cordibus
1087 1274 1207 1318 eorum

164 1364 317 1428 naturalis
330 1362 410 1448 legis
422 1362 556 1448 aequitas
568 1363 774 1428 retinebatur.
809 1362 962 1426 Consoua
974 1361 1075 1449 igitur
1089 1361 1207 1447 primoe

164 1473 316 1539 creationi
333 1473 483 1536 humanae
499 1472 534 1535 fit
549 1472 582 1534 in
598 1472 696 1537 literis
713 1471 887 1556 legislatio,
904 1495 978 1558 quae
991 1493 1048 1557 per
1061 1472 1208 1558 Moysen

165 1581 260 1647 datur
274 1582 385 1645 salutis
399 1603 495 1645 causa
510 1580 734 1665 plurimorum.
779 1581 812 1644 Si
826 1581 912 1644 enirn
928 1581 1128 1645 aestimamus
1141 1580 1206 1644 bo·

165 1691 282 1754 minem
307 1691 372 1754 sine
395 1691 543 1776 operibus
565 1689 647 1774 legis
662 1688 844 1775 justificari,
867 1701 902 1753 et
918 1690 1088 1755 Abraham
1110 1708 1209 1775 repu-

166 1810 251 1863 tatus
265 1813 314 1861 est
323 1799 444 1884 justus,
458 1810 579 1883 quanto
591 1799 695 1882 magis
710 1797 744 1875 ii,
759 1798 814 1882 qui
829 1796 1071 1883 adimpleverint
1085 1797 1207 1883 legem,

165 1906 383 1971 continentem
403 1928 442 1969 ea
455 1929 528 1992 quae
545 1905 729 1970 hominibus
745 1904 930 1991 expediunt,
946 1905 1109 1992 justitiam
1124 1926 1206 1969 oon-

166 2017 357 2101 sequentur?
404 2016 447 2078 Et
475 2014 626 2100 quoniam
658 2013 756 2077 trium
782 2013 989 2078 solummodo
1016 2035 1206 2078 sermonum

166 2123 365 2188 mentionem
386 2123 503 2200 fecisti,
521 2124 562 2187 de
583 2123 700 2208 quibus
714 2125 898 2209 Apostolus
920 2125 1012 2205 dixit,
1027 2125 1206 2191 ‘Ministe-

168 2231 251 2296 rium
261 2231 369 2295 mortis
383 2253 446 2296 esse
460 2231 569 2318 legem,
583 2245 627 2310 et,
643 2237 654 2272 ⁷
667 2229 825 2295 Christum
838 2233 1000 2299 redemisse
1012 2256 1068 2297 nos
1083 2234 1122 2299 de
1135 2257 1205 2300 mo·

165 2338 275 2405 ledicto
299 2341 388 2428 legis,
410 2355 444 2405 et
464 2341 626 2427 quoniam,
647 2339 707 2404 ⁸V
705 2340 785 2404 irtus
801 2342 922 2426 peccati
941 2354 985 2407 est
1008 2342 1084 2408 lea.-
1107 2343 1205 2409 Adde

164 2451 283 2539 adhuc,
301 2466 335 2516 et
353 2452 406 2515 dic
429 2465 675 2538 quantacunque
695 2449 755 2514 tibi
773 2449 919 2528 videntur
931 2451 1081 2517 adversus
1097 2454 1204 2539 legem

165 2583 236 2629 esse
250 2563 443 2649 conscripta.

208 2671 338 2735 XXIX.
382 2673 518 2734 Msuas
538 2691 666 2750 mnu,
681 2670 814 2735 Annon
829 2671 914 2736 idem
930 2684 991 2753 est,
1006 2672 1096 2760 quod
1108 2673 1205 2739 Jesus

164 2779 206 2844 sd
235 2778 409 2864 discipulos
437 2780 551 2857 aiebat,
580 2781 759 2845 incredulos
785 2802 842 2844 eos
872 2803 942 2846 esse
966 2783 1205 2864 demonstrans,

163 2894 180 2932 ⁹
194 2888 252 2953 Vos
266 2910 306 2951 ex
317 2898 409 2972 putre
424 2886 559 2950 Diabolo
572 2888 657 2968 estis,
672 2900 703 2952 et
717 2889 867 2953 desiderio
875 2891 980 2974 patris
992 2891 1089 2956 vestri
1091 2891 1207 2978 fucere

167 2995 293 3062 uultis?
325 2997 401 3059 Hoc
418 2995 529 3082 utiquc
543 2995 634 3074 dicit,
652 2997 727 3082 quia
748 3011 868 3083 quanta
885 2998 1020 3063 voluerit
1040 3000 1208 3087 malignus

167 3107 317 3194 Princeps
329 3107 426 3194 hujus
435 3108 560 3188 mundi,
568 3122 602 3172 et
616 3122 736 3195 quanta
749 3109 983 3189 desideraverit,
995 3132 1053 3196 per
1061 3113 1208 3199 Moysen

166 3217 340 3305 scripserit,
352 3231 385 3284 et
400 3218 522 3284 dederit
538 3219 722 3282 bominibus
735 3218 890 3283 facienda.
921 3218 1001 3282 ¹Ille
1010 3220 1094 3283 enim
1105 3219 1208 3285 homi-

168 3326 239 3391 cida
251 3337 296 3392 est
311 3325 350 3391 ab
365 3326 467 3406 initio,
482 3338 511 3402 et
528 3327 561 3390 ia
575 3328 706 3390 veritate
719 3348 780 3389 aon
800 3328 899 3406 stetit,
920 3327 1067 3414 quoniam
1088 3327 1228 3419 aarum*

166 3434 201 3500 in
214 3457 247 3500 ec
261 3456 321 3499 aaa
335 3445 403 3512 θείς
426 3457 493 3499 cum
508 3434 646 3521 quaitar
660 3434 866 3513 menducium,
878 3435 916 3499 de
930 3436 994 3500 suis
1005 3437 1145 3522 propriis
1160 3437 1207 3501 lo·

54 3608 62 3617 ,,
166 3539 288 3629 quitur,
303 3538 448 3625 quoniam
462 3540 597 3605 mendax
610 3551 667 3620 est,
682 3540 762 3604 sicut
776 3551 806 3605 et
815 3552 909 3626 pater
923 3543 1000 3627 ejas.
1045 3543 1207 3609 Auens-

168 3670 265 3717 usus
284 3649 573 3727 u1x1r‚⁸Sufficit
595 3649 655 3713 tibi
678 3649 761 3728 haec,
780 3663 867 3728 sunt,
886 3673 928 3715 an
951 3651 1051 3717 habes
1075 3667 1110 3719 et
1133 3654 1208 3734 alia,

199 3817 703 3880 ‘rnoremregmrum,1rcarn00uce
712 3822 837 3872 carneus
846 3794 1206 3889 mansuum-ria

198 3905 209 3931 ⁸
224 3898 330 3963 (Nonne
340 3897 434 3960 legend.
445 3900 553 3965 sufficiunt
566 3901 607 3948 tibi
617 3902 674 3961 dcc,
685 3919 715 3948 arr
725 3902 790 3950 tabes
801 3907 847 3953 dre.
857 3904 880 3966 ἓ)
1138 3911 1152 3943 ³

124 4062 127 4071 1
228 3990 384 4046 ‘scoriis
396 4005 420 4052 7.
587 3998 691 4047 ⁷Galat.
703 4000 737 4047 iii.
750 4011 789 4050 ra.
961 3995 1121 4054 ’rcum
1134 4012 1174 4053 so.

226 4072 440 4128 samaritas.
590 4079 773 4131 nahmen.

438 4308 461 4351 i}
