2684 4740
174 299 431 369 nncnnnnr
449 277 506 369 Er
526 301 732 369 Mnnsrrs
750 297 1037 368 ursrurnrro.
1071 302 1131 386 263

94 478 130 537 et
147 471 340 558 sanguinem
354 471 614 550 intellexerimus,
635 493 764 537 necesse
786 482 835 535 est
853 471 949 536 etiarn
976 467 1131 556 Spiritum

96 578 253 645 Sanctum
274 601 379 645 reram
402 580 586 645 columbam
609 580 716 659 fuisse,
737 591 771 644 et
793 601 859 642 non
883 578 1053 664 spiritum?
1088 580 1132 643 Et

92 685 261 769 quomodo
280 687 399 772 poterit
420 707 491 751 vera
512 686 664 759 columba
681 708 790 751 verum
806 685 970 750 hominem
985 684 1124 770 ingredi,

42 784 44 790 ⁸
90 804 192 879 atque
213 793 246 859 in
267 816 307 859 eo
328 815 527 881 permanere,
550 815 624 859 caro
646 795 733 859 enim
758 815 886 859 carnem
911 792 1037 878 ingredi
1061 813 1126 857 non

93 904 224 985 potest?
247 903 303 968 sed
320 903 422 989 magis
438 904 465 968 si
478 904 591 969 Jesum
606 904 770 969 hominem
780 925 890 969 verum
906 902 1128 980 confiteamur,

92 1028 171 1073 eum
187 1033 272 1090 vero,
284 1012 339 1097 qui
359 1011 487 1092 dicitur,
509 1010 588 1076 sicut
610 1012 760 1091 columba,
781 1012 936 1098 Spiritum
959 1011 1128 1088 Sanctum,

93 1115 189 1181 salru‘
202 1131 252 1185 est
273 1120 367 1183 nobis
388 1121 471 1184 ratio
496 1120 528 1183 in
553 1135 700 1206 utraque.
744 1119 882 1204 Spiritus
906 1117 991 1181 enim
1015 1137 1131 1181 secun-

92 1225 175 1291 dum
191 1238 311 1292 rectum
334 1228 488 1292 rationem
511 1228 634 1292 habitat
654 1229 687 1292 in
703 1229 845 1307 homine,
859 1241 893 1292 et
907 1225 1083 1305 descendit,
1097 1238 1132 1290 et

96 1352 276 1423 permanet,
287 1339 325 1404 'et
340 1349 560 1424 competenter
574 1336 637 1401 hoc
658 1350 691 1402 et
710 1339 911 1416 factumest,
933 1349 966 1401 et
988 1335 1025 1400 fit
1043 1357 1130 1400 sem-

94 1468 163 1534 per,
179 1449 265 1513 sicut
279 1461 316 1514 tu
334 1460 368 1514 te
386 1447 492 1534 ipsum
513 1459 589 1511 ante
611 1446 673 1510 hoc
696 1459 823 1534 tempus
846 1445 1045 1534 profitebaris
1061 1465 1132 1509 esso

95 1554 290 1620 Paraclitum
313 1556 388 1635 Dei,
413 1570 451 1620 ut
474 1556 605 1620 ⁸dicam
635 1556 725 1634 silex,
754 1579 819 1621 non
846 1558 957 1635 homo,
986 1556 1042 1642 qui
1067 1555 1132 1618 fre·

93 1675 232 1750 quenter
244 1665 439 1730 oblivisceris
454 1686 492 1728 ea
505 1688 577 1751 quae
593 1665 684 1729 dicis.
728 1666 883 1751 Spiritum
903 1663 989 1729 euim
1010 1662 1132 1727 venisse

96 1784 239 1859 superte
251 1773 371 1852 dixisti,
387 1795 484 1859 quem
497 1773 686 1858 promiserat
695 1774 790 1837 Jesus
801 1794 871 1837 esse
885 1772 1077 1850 missurum3
1097 1782 1132 1834 et

96 1877 184 1944 uude
202 1879 264 1944 nisi
286 1879 329 1943 de
349 1878 432 1967 caelo
455 1878 651 1944 descendat?
686 1881 729 1944 Et
753 1879 780 1944 si
807 1878 972 1944 descendit
994 1878 1132 1966 Spiritus

94 1994 195 2074 snp'er
207 1987 372 2053 hominem
388 1988 523 2074 dignum
539 2011 585 2068 se,
600 2011 696 2076 super
715 2003 747 2055 te
763 2003 874 2056 autem
894 2012 983 2056 veras
1002 1989 1132 2055 colum·

95 2094 155 2159 bas
178 2094 378 2161 descendisse
401 2097 601 2162 sentiendum
618 2110 678 2176 est,
701 2109 738 2162 ut
759 2113 792 2163 te
812 2099 1049 2166 columbarium
1072 2117 1133 2184 po·

95 2201 163 2267 tius
177 2203 279 2269 furem
295 2205 501 2291 accipiamus,
516 2204 645 2269 insidias
657 2206 704 2270 eis
719 2227 757 2270 ac
775 2207 907 2292 laqueos
926 2204 1115 2270 molientem
1120 2228 1132 2284 3

94 2312 216 2399 dignus
237 2315 323 2380 enim
342 2337 388 2396 es,
411 2315 467 2402 qui
486 2310 589 2381 verbis
604 2316 744 2381 ridiculis
759 2316 922 2394 illudaris3
945 2335 1008 2400 ego
1021 2325 1130 2379 tamen

95 2423 209 2504 parco,
241 2441 282 2485 ne
315 2421 478 2487 auditores
511 2421 619 2486 videar
654 2421 813 2486 offendere
847 2421 918 2486 haec
951 2420 1072 2500 dicens,
1099 2429 1134 2484 et

96 2529 237 2594 maxime
259 2529 335 2616 quia
357 2542 472 2616 praeter
494 2528 694 2616 propositum
717 2550 838 2608 meum,
862 2529 896 2594 in
920 2542 952 2592 te
977 2529 1134 2614 ingerere,

93 2655 172 2719 quse
188 2637 342 2701 mercaris
361 2637 484 2701 audire.
521 2635 585 2700 Sed
599 2635 726 2701 redeam
739 2635 783 2701 ¹ad
798 2659 877 2701 rem.
913 2637 1047 2700 Memor
1060 2637 1133 2698 sum

93 2742 183 2806 euim
200 2745 489 2811 transformationis
509 2765 588 2826 suan
603 2769 668 2832 qua
681 2746 772 2826 dicis,
787 2748 863 2834 quia
877 2748 967 2811 Deu's
981 2744 1135 2809 transfor·
1156 2752 1159 2758 “

98 2851 230 2916 macerit
243 2875 278 2917 se
291 2853 324 2918 iu
340 2855 516 2934 hominem,
530 2856 579 2920 vel
592 2856 626 2920 in
642 2857 755 2935 solem,
768 2878 808 2921 ex
822 2851 887 2922 hoc
901 2856 1009 2921 rolens
1024 2866 1134 2944 osten-

95 2958 175 3024 dere
186 2957 300 3026 Jesum
315 2978 460 3028 nostrum
477 2963 590 3029 habitu
603 2965 686 3044 solo,
701 2979 734 3031 et
748 2966 824 3031 visu‘
839 2967 960 3031 facturn
982 2986 1052 3029 esse
1071 2963 1134 3028 ho·

97 3067 232 3149 minem,
250 3070 340 3157 quod
355 3071 437 3136 absit
453 3072 494 3136 ab
509 3094 705 3159 unoquoque
726 3073 867 3138 fidelium
889 3073 1004 3154 dicere.
1047 3072 1132 3136 Haec

95 3175 238 3263 alioquin
252 3179 431 3243 secundum
447 3193 479 3243 te
494 3179 535 3243 ad
550 3180 711 3244 somnium
728 3182 820 3245 nobis
834 3181 965 3247 redeant
978 3180 1133 3260 universa,

97 3298 131 3350 et
146 3285 284 3373 liguram
307 3311 372 3354 non
386 3289 629 3367 solumautem,
651 3289 709 3354 scd
730 3291 884 3353 adventus
905 3310 1022 3352 nomen
1043 3287 1133 3352 dele·

97 3393 204 3473 bitur3
225 3407 353 3481 poterut
367 3397 453 3461 enim
469 3396 501 3460 iu
517 3396 599 3460 caelo
613 3397 739 3481 positus
758 3397 864 3460 facere
885 3418 958 3481 quae
977 3396 1133 3477 voluerat,

95 3500 123 3566 si
138 3501 292 3587 Spiritum
307 3524 382 3568 eum
400 3525 481 3583 erse,
503 3515 536 3568 et
557 3526 623 3568 non
643 3505 820 3583 hominem,
840 3502 939 3568 dices.
983 3503 1047 3568 Sed
1067 3527 1133 3570 non

93 3609 142 3672 ita
155 3623 215 3689 est,
229 3611 382 3697 quoniam
400 3612 593 3678 ’exinanivit
610 3613 805 3698 semetipsum
815 3615 961 3700 sormam
981 3617 1062 3682 servi
1080 3639 1133 3682 ac·

96 3715 222 3800 eipicns.
254 3719 341 3784 Dico
355 3733 463 3784 autern
479 3719 518 3784 de
533 3741 584 3798 eo,
599 3721 709 3806 quiex
719 3722 825 3787 Maria
839 3723 943 3789 factus
957 3738 1007 3791 est
1021 3726 1133 3794 horno.

96 3825 187 3912 Quid
200 3827 306 3895 enimi
330 3850 396 3909 non
412 3841 600 3916 poteramus
613 3841 647 3892 et
662 3851 721 3893 nos
737 3830 842 3895 multo
864 3831 990 3898 facilius
1009 3845 1043 3900 et
1053 3816 1134 3901 [lau-

96 3935 161 4007 tius
175 3936 238 4004 iste
251 3941 398 4005 narrare?
422 3939 478 4004 sed
496 3939 581 4005 absit
596 3951 633 4006 ut
651 3962 671 4004 a
693 3941 825 4006 veritate
845 3941 1043 4009 declinemus
1068 3941 1136 4006 iota

127 4092 140 4116 ⁸
154 4082 303 4143 (larinensis,
314 4097 340 4134 ur
350 4086 423 4134 dicam
434 4086 503 4134 dilen
512 4102 554 4133 non
564 4087 632 4134 homo.
658 4085 763 4136 Videant
774 4089 876 4148 Eruditi,
893 4103 925 4156 ²¹¹.
939 4070 1004 4135 ¹recte
1019 4082 1136 4135 emende-

95 4170 149 4210 tum
160 4163 198 4211 sit.
227 4165 318 4228 (Potius
328 4169 495 4229 reponendum
506 4180 558 4214 esse
567 4165 645 4223 delire,
656 4169 787 4216 ostendunt
797 4168 870 4216 etiam
881 4165 954 4216 verbs
962 4165 1012 4215 fine
1022 4177 1076 4228 cap.
1081 4163 1134 4233 xv.)

516 4265 518 4268 ·
535 4251 621 4300 sunu,
632 4254 657 4301 ir.
672 4261 694 4310 ι.

593 4351 609 4394 s
624 4342 644 4400 4
