2684 4740
237 291 475 373 tucamur
495 293 554 357 nr
573 270 779 358 Maurus
801 287 1087 356 orsrurarro.
1128 307 1188 374 199

145 483 206 548 per
220 461 305 540 hanc
316 462 547 541 asserebantur,
563 484 637 526 curn
654 461 722 548 ipsa
736 461 852 548 pariter
866 460 998 545 explosa
1011 467 1096 523 sunt.
1120 455 1185 522 Sed

145 570 181 635 in
202 569 321 656 ipsum,
340 570 396 656 qui
415 570 517 651 adest,
537 584 726 635 assertorem
747 571 863 634 horum
882 568 992 655 paucis
1013 568 1131 645 dicam,
1149 578 1188 630 ut

146 679 301 744 omnibus
316 681 494 745 innotescat
507 681 590 766 quis,
611 692 644 744 et
664 679 761 759 unde,
781 693 815 743 et
834 678 937 765 qualis
960 690 1029 756 est3
1053 676 1188 755 dixerat,

146 787 235 851 euim
257 809 291 852 se
310 809 379 853 esse
400 788 589 853 Paraclitum
613 788 716 867 illum,
732 810 829 874 quern
852 789 946 851 Jesus
968 786 1185 871 proficiscens,

146 895 292 961 humano
307 897 418 983 generi
439 898 608 962 missurum
628 920 661 961 se
680 920 749 962 esse
770 898 960 983 promiserat
981 895 1023 959 ad
1045 895 1183 959 salutem

147 1004 291 1081 fidelium
314 1007 506 1085 animarum,
530 1019 563 1083 et
585 1029 651 1073 non
672 1005 772 1092 longe
793 1005 920 1092 bpossit
942 1004 972 1068 ei
996 1003 1111 1069 Paulus
1133 996 1187 1067 vas

146 1114 315 1193 electionis
337 1129 369 1181 et
390 1129 520 1193 vocatus
534 1117 726 1204 Apostolus
739 1117 825 1182 unde
840 1130 873 1182 et
886 1113 1065 1203 praedicans
1079 1134 1187 1178 veram

148 1224 330 1297 doctrinam
345 1225 486 1305 caiebat,
500 1226 594 1293 dAut
609 1228 822 1293 documentum
838 1226 982 1314 qnoert'tt's
995 1230 1071 1310 qus,
1084 1224 1140 1312 qui
1156 1224 1190 1290 t'rt

148 1355 201 1400 me
215 1333 354 1421 loquitur
370 1334 540 1407 Christuih
575 1338 616 1400 Et
628 1336 757 1423 quidem
771 1335 859 1421 quod
874 1335 948 1398 dico
961 1335 1017 1398 tali
1029 1333 1189 1421 exemplo,

148 1443 233 1508 esed
255 1444 385 1509 clarius.
422 1447 536 1511 Homo
559 1443 689 1529 quidam
712 1444 870 1526 conclusit
890 1444 924 1507 in
947 1443 1098 1507 thesauro
1120 1443 1190 1509 fru-

151 1554 255 1618 menti
269 1554 458 1639 plurimum,
474 1555 520 1618 ita
535 1566 572 1619 ut
584 1555 719 1619 refertus
734 1568 818 1618 esset
836 1556 940 1632 locus,
961 1575 1058 1639 quem
1082 1553 1190 1618 locum
1291 1531 1294 1539 .

150 1661 320 1741 ‘clausum
335 1677 432 1750 atque
450 1663 612 1748 signatum
635 1663 863 1727 sufficientibus
880 1661 1066 1746 signaculis,
1081 1674 1191 1726 custo·

151 1769 214 1847 diri
239 1772 412 1857 praecepit3
441 1772 510 1856 ipse
532 1771 693 1835 Dominus
720 1793 794 1834 vero
818 1769 955 1847 gcessit3
977 1769 1059 1834 alius
1082 1783 1192 1841 autem

151 1879 285 1966 quidam
299 1881 525 1966 postmultum
542 1880 695 1964 temporis
715 1880 841 1942 advenit
862 1880 903 1942 ad
927 1878 1125 1958 thesaurum,
1141 1878 1191 1943 di·
1244 1935 1254 1951 ,

151 2007 229 2065 cens
251 2008 287 2050 se
304 1987 347 2050 ab
368 2008 420 2066 eo,
434 1986 491 2072 qui
509 1986 683 2071 signaculis
700 1986 808 2050 locum
825 1986 1038 2064 concluserat,
1055 1987 1190 2051 missum

151 2095 195 2167 ad
210 2095 287 2174 hoc,
303 2109 339 2161 ut
353 2096 450 2160 etiarn
464 2095 533 2180 ipse
547 2094 578 2158 in
594 2094 732 2159 eundem
749 2095 933 2159 thesaurum
949 2095 1092 2160 triticum
1113 2117 1192 2160 con·

150 2217 316 2297 gregaret.
353 2207 459 2291 Quem
476 2226 550 2269 curn
567 2204 716 2269 vidissent
727 2205 891 2283 custodes,
904 2208 1080 2291 poscebant
1095 2206 1136 2270 ab
1152 2226 1193 2270 eo

150 2311 340 2398 ¹'signaculi
361 2312 472 2393 fidem,
495 2334 561 2398 quo
583 2314 707 2399 possint
729 2314 770 2393 ei,
794 2314 951 2394 videlicet,
973 2315 1095 2401 aperire
1118 2314 1191 2379 the-

183 2464 256 2513 uvel
267 2466 308 2512 hic
318 2465 439 2521 nonnulla
447 2467 544 2522 desunt,
561 2465 600 2512 rel
617 2466 714 2514 tortasse
731 2465 872 2527 legendum,
890 2475 916 2511 ιιι
930 2482 971 2510 uon
987 2465 1112 2527 langeport
1128 2466 1158 2513 rit
1174 2467 1196 2513 ιι·

153 2545 251 2609 hulpa,
269 2561 369 2609 nempe,
386 2557 414 2595 ut
429 2549 482 2609 ipso
497 2561 585 2609 parum
602 2548 699 2595 inferior
715 2548 745 2594 sit
762 2546 852 2594 Paulus
863 2546 1003 2607 Apostolus,
1022 2561 1096 2608 quern
1113 2562 1128 2594 a
1142 2548 1198 2596 Deo

152 2637 211 2675 ante
222 2642 248 2675 se
257 2628 288 2674 ad
297 2629 401 2675 humani
411 2628 504 2688 generis
516 2628 620 2677 salutem
632 2629 736 2675 missum
748 2628 820 2674 tuisse
831 2627 864 2672 ait
875 2641 947 2687 supra
960 2627 1055 2683 Manes,
1068 2629 1101 2674 ita
1113 2637 1197 2676 tamen

152 2717 183 2755 ut
192 2709 252 2766 sibi,
262 2709 329 2769 quod
338 2709 473 2771 perfectum
484 2719 543 2766 erar,
553 2719 701 2756 reservatum
713 2708 793 2754 fuerit.
809 2707 870 2754 Vide
881 2720 954 2768 supra
963 2720 1016 2767 cap.
1032 2716 1068 2754 rc.
1094 2707 1197 2769 (Malim

154 2789 190 2837 in
198 2789 357 2851 interpretari,
369 2799 398 2836 ut
408 2790 439 2837 ad
448 2789 534 2838 lesum
545 2803 596 2836 non
608 2790 711 2837 Manem
723 2788 743 2834 ei
754 2788 875 2834 referatur.
909 2788 965 2834 Vid.
976 2788 1039 2834 infra
1049 2802 1072 2848 p.
1080 2785 1147 2848 stc.)

186 2874 200 2902 ⁶
216 2871 247 2937 lu
264 2870 347 2927 codice
362 2870 487 2917 Casinensi
504 2878 549 2926 est,
562 2869 650 2930 agebat,
661 2868 759 2928 librarii,
770 2879 797 2916 ut
808 2869 917 2924 arbitror,
929 2882 1005 2915 errore
1013 2886 1025 2928 3.
1039 2869 1147 2918 sicinus
1157 2883 1198 2933 ca·

155 2951 207 3012 pite
218 2961 258 3003 29·
275 2950 342 2997 Jecur
353 2949 384 2994 ad
393 2948 509 3010 discipulos
520 2949 608 3010 agebat.
629 3010 631 3014 Ι

188 3029 202 3066 ⁶
218 3029 325 3093 Vulgata
334 3029 402 3090 legit,
413 3029 451 3075 An
461 3029 647 3089 experimentum
665 3032 690 3076 in
702 3044 780 3090 gram
791 3040 874 3078 tamen
886 3039 955 3077 textu
968 3039 1013 3086 est,
1025 3026 1080 3075 iaerr'.

162 3101 168 3110 ’
191 3114 204 3142 ⁸
219 3111 289 3158 Forte
292 3111 337 3173 fit,
348 3110 387 3157 vel
398 3110 437 3167 rit,
448 3119 490 3157 aut
502 3111 585 3167 etiam,
598 3120 637 3156 est.

192 3189 204 3225 '
216 3195 296 3257 Supra
306 3195 411 3242 thesauri
424 3193 477 3243 solo
494 3193 573 3255 sigillo
588 3193 707 3254 obsignati
725 3195 876 3242 mentionem
888 3196 944 3242 facit
955 3195 1104 3242 Archelausr
1122 3206 1146 3241 at
1157 3196 1198 3242 hic

158 3274 236 3338 sigillo
247 3274 328 3323 claves
339 3275 458 3336 adjungit,
469 3289 518 3336 quo
528 3284 598 3334 pacto
609 3275 718 3320 chariora
728 3289 832 3334 quaeque
842 3277 873 3321 ab
885 3276 990 3334 antiquis
1007 3275 1122 3322 custodiri
1140 3289 1201 3322 con-

159 3357 274 3415 suevisse,
287 3356 353 3404 testis
364 3366 400 3403 est
410 3356 583 3417 Aristophanes
595 3355 620 3401 in
629 3356 759 3412 comoedia,
771 3357 811 3402 cui
823 3355 917 3412 titulus,
929 3351 1135 3418 Θιιμιφιριιίζυιιιι
1146 3371 1203 3418 pag.

161 3446 216 3494 787.
232 3437 299 3500 apud
315 3450 391 3497 quem
408 3434 497 3482 mulier
512 3436 625 3496 quadam
644 3437 800 3494 conqueritur
815 3449 985 3495 gynecaeorum
998 3435 1059 3480 sores
1071 3435 1165 3496 sigillis,
1176 3445 1201 3483 et

161 3518 284 3579 pessulisa
295 3517 387 3564 maritis
398 3517 530 3573 obfirmari,
542 3530 618 3576 quem
630 3530 724 3562 morem
735 3516 815 3562 irridet
827 3515 962 3562 Menander
972 3515 1037 3576 apud
1048 3515 1184 3565 Stobaeum.

191 3606 204 3655 .⁸
223 3602 295 3650 Forte
306 3597 401 3654 recessit,
412 3597 451 3645 vel
463 3596 568 3643 discessit.

190 3678 205 3718 ΙΙ
220 3679 310 3728 Anulis
328 3693 371 3740 pro
386 3687 482 3733 tessera,
498 3691 541 3723 seu
556 3676 626 3736 signo
640 3676 665 3723 in
685 3679 812 3739 repetendo
829 3678 946 3737 deposito,
962 3687 985 3724 et
1000 3677 1092 3737 majore
1107 3680 1202 3728 nuntiis

164 3759 208 3808 tte
219 3759 373 3808 concilianda
384 3768 474 3805 veteres
485 3771 541 3804 usos
552 3756 635 3812 fuisse,
645 3770 675 3803 ex
686 3756 781 3813 Plauto,
794 3766 818 3803 et
829 3757 932 3818 Apuleio
949 3758 1075 3815 discimus,
1093 3775 1200 3821 quorum

165 3840 254 3898 primus
266 3841 292 3886 in
303 3839 423 3886 Bacchide
433 3847 479 3884 act.
491 3848 514 3885 a.
526 3849 598 3884 scena
608 3845 631 3882 u.
641 3850 701 3884 vers.
715 3847 754 3888 93.
772 3839 805 3882 ita
820 3839 899 3897 inquit
914 3837 989 3898 Chry.
1021 3838 1121 3886 Anulum
1136 3841 1203 3903 gnati

166 3920 196 3966 tat
207 3919 296 3976 Facito,
307 3929 333 3966 ιιι
344 3918 543 3982 memineritserre.
576 3917 632 3964 Nic.
651 3916 714 3963 Quid
723 3927 773 3978 opus
785 3928 816 3964 ert
827 3917 913 3964 anulo?
946 3918 1020 3981 Chry.
1038 3919 1099 3966 Quia
1115 3906 1142 3967 id
1155 3923 1202 3984 rig·

167 4009 257 4048 uuest
268 3999 387 4056 Theotimo,
398 3998 498 4064 quicum
509 3995 546 4043 r'llr'
557 3997 645 4060 affiret,
663 3996 684 4042 et'
698 4013 777 4043 aarum
792 4007 818 4043 ut
832 3997 945 4046 reddatur.
977 4000 1045 4046 Alter
1054 4014 1111 4047 vero
1122 4002 1148 4049 in
1160 4001 1203 4051 lib.

169 4089 204 4131 lo.
214 4082 245 4130 de
253 4080 331 4130 Asino
341 4094 415 4128 aureo
424 4079 473 4127 hoc
484 4079 549 4127 irate
560 4076 689 4136 cujusdam
701 4075 809 4126 mulieris
820 4079 914 4126 facinus
926 4078 1004 4127 refert.
1040 4079 1115 4127 Attalo
1124 4082 1203 4130 mariti

574 4183 585 4221 ⁷
603 4179 685 4229 acor.
696 4179 749 4227 xiii.
759 4187 784 4228 8.

653 4285 676 4328 0
698 4276 719 4328 4
