2684 4740
167 349 411 418 nocemur
428 351 486 417 ET
506 347 714 416 MANETIS
734 340 1022 414 Dlsrtmttlo.
1056 360 1116 414 211

72 520 134 609 qui
148 525 190 586 eir
203 521 369 609 AEgyptiis
391 520 496 591 fuerat
517 519 689 599 admixtus,
710 517 848 583 vitulum
869 516 930 581 sibi
950 511 1117 580 constituit

73 629 391 710 Deuni,‘sscurrdum
404 629 574 716 pristinum
594 649 731 707 rnorem,
752 649 818 714 quo
841 625 988 691 coluerat
1011 605 1115 696 silnu·

70 737 178 815 laem,
189 738 222 802 in
236 760 301 825 quo
324 738 384 804 neo
402 739 557 806 scelerum
580 759 690 824 poenas
711 736 884 823 aliquando
904 732 1114 820 rependeret}

70 858 112 910 et
137 845 216 911 ideo
240 847 390 912 virtutem
417 847 540 932 peccati
570 846 621 911 sui
646 846 775 933 penitus
801 845 1019 932 ignorabant,
1042 862 1116 930 quis

72 976 153 1020 eum
175 976 339 1042 regressus
363 956 546 1043 agnovisset
568 951 716 1043 Moyses,
741 951 895 1042 praeoepit
917 974 973 1016 eos
996 950 1115 1037 gladiis

73 1062 241 1143 trucidari,
255 1085 296 1127 ex
308 1084 374 1150 quo
392 1062 519 1126 initium
540 1061 662 1127 fuctum
683 1073 732 1126 est
751 1060 869 1126 sentire
887 1081 944 1124 eos
963 1058 1116 1124 virtutem

73 1171 203 1257 peccati
221 1193 280 1258 per
298 1171 406 1258 legem
428 1169 552 1258 Moysi,
566 1172 601 1235 et
616 1180 785 1256 propterea
803 1168 911 1236 Virtus
921 1165 1043 1253 peccati
1056 1186 1115 1254 ap·

75 1279 200 1365 pellaea
211 1293 263 1346 est
275 1279 339 1345 lex.

119 1388 267 1460 xxxtl.
293 1388 347 1453 De
360 1408 400 1451 oo
415 1409 500 1467 reso,
522 1387 612 1475 quod
632 1387 665 1452 in
685 1385 860 1475 Evangelio
879 1387 1035 1475 seriptum
1055 1397 1116 1468 est,

75 1495 199 1562 ⁵Vosdr
205 1508 299 1582 patre
309 1494 536 1575 Diuisioestis,
548 1509 582 1561 et
592 1497 725 1584 reliqua,
734 1497 871 1563 breviter
882 1497 1030 1576 dicimus,
1041 1495 1118 1583 quin

72 1605 297 1672 estDitbolus
310 1605 478 1692 inoperans
497 1605 531 1669 in
548 1604 653 1685 nobis,
672 1606 728 1693 qui
746 1607 796 1671 sui
816 1604 939 1672 arbitrii
956 1616 1117 1694 potestate

76 1712 241 1778 tales-esse
255 1712 367 1778 voluit.
400 1713 491 1778 Deus
505 1713 591 1778 enirn
604 1713 727 1795 omnia,
740 1736 813 1801 quae
830 1715 918 1797 fecit,
928 1716 1015 1781 bona
1025 1713 1117 1780 valdo

76 1806 165 1901 fecit,
178 1819 277 1898 'liberi
297 1819 419 1886 arbitrii
439 1842 568 1884 sensum
591 1821 766 1909 unicuique
784 1820 886 1904 dedit,
908 1847 971 1912 qua
992 1825 1118 1890 rationo

76 1928 175 1994 etiam
185 1928 291 2014 legem
299 1927 415 2016 judicii
425 1929 545 2016 posuit.
577 1930 711 1996 Peccare
724 1945 869 1998 nostrum
883 1946 946 2014 est,
954 1945 991 1999 ut
1005 1944 1118 1999 sutem

79 2059 143 2104 nou
155 2056 342 2124 poscemus,
348 2039 413 2104 Dei
422 2039 544 2104 donum
554 2051 614 2119 est,
620 2061 660 2104 ex
668 2061 709 2104 eo
718 2041 806 2127 quod
815 2042 848 2105 in
858 2056 970 2111 nostro
980 2042 1116 2109 sitarbi·

78 2146 142 2211 'trio
157 2147 371 2213 constitutum
387 2168 530 2233 peccare,
545 2147 596 2213 vel
610 2169 676 2213 non
691 2171 844 2236 peecare3
867 2152 950 2219 siout
964 2154 1062 2219 etium
1077 2166 1118 2220 tu·

77 2262 146 2327 sine
160 2262 262 2328 dubio
277 2262 374 2343 nosti,
390 2285 411 2328 o
425 2265 561 2343 Manes3
583 2263 610 2328 si
624 2275 732 2330 tamon
747 2282 949 2350 congregans
964 2262 997 2328 in
1012 2284 1115 2329 unum

79 2370 259 2458 discipulos
270 2386 355 2453 tuos,
369 2383 431 2436 ror
448 2393 504 2436 eos
525 2393 737 2438 commonens
754 2395 794 2437 ne
817 2372 1015 2459 delinquant,
1037 2393 1116 2438 nevo

78 2477 332 2566 aliquid‘injuste
352 2491 476 2566 gerant,
493 2479 736 2567 judiciilsgem
758 2480 980 2569 unusquisque
1002 2502 1116 2546 eorum

79 2588 182 2673 possit
202 2587 347 2653 evadere.
392 2591 435 2652 Et
454 2601 542 2653 certe
564 2588 620 2675 qui
643 2589 812 2669 voluerint,
832 2590 1002 2654 observant
1023 2610 1116 2655 man·

77 2693 164 2776 data,
180 2696 238 2784 qui
252 2718 329 2762 soro-
341 2697 605 2784 contempserint,
625 2711 658 2763 et
679 2697 713 2762 ln
733 2719 916 2785 perversum
938 2698 1116 2764 declinave-

79 2804 154 2885 rint,
169 2805 239 2870 siue
250 2805 351 2871 dubio
366 2805 472 2894 legem
484 2805 601 2893 judicii
620 2805 734 2872 forent.
778 2809 829 2871 Ex
849 2806 913 2872 hoc
932 2808 1029 2895 etism
1042 2806 1115 2872 An·

78 2914 227 3000 gelorum
243 2913 387 3002 quidam,
402 2914 555 2980 mandato
568 2896 633 2979 Dei
647 2935 712 2979 non
727 2915 860 3007 subditi,
875 2916 1032 2982 voluntati
1044 2916 1115 3004 ejus

75 3085 172 3135 tionem
186 3100 246 3135 curn
262 3087 363 3136 Simone
378 3089 464 3136 Judaeo
481 3101 535 3149 cap.
548 3097 587 3136 1³.
603 3088 782 3147 adnotavimus,
799 3087 878 3136 lucide
894 3099 999 3151 apparet.
1032 3089 1116 3151 Hujus

78 3166 171 3226 generis
181 3167 255 3214 etiarn
266 3177 311 3226 est,
323 3169 389 3229 quod
400 3169 442 3215 hic
452 3170 483 3215 de
491 3168 611 3229 AEgyptiis
621 3167 691 3215 vituli
706 3169 771 3215 aurei
787 3171 1000 3228 constructoribus,
1018 3179 1042 3217 et
1056 3172 1116 3218 ado·

78 3246 196 3295 tutoribus
206 3245 278 3296 trudit
288 3248 439 3308 Archelaou
456 3261 516 3299 narn
529 3245 555 3295 in
572 3248 688 3296 Scemoth
704 3248 789 3296 Rubba
799 3263 853 3310 pag.
866 3258 921 3306 157.
931 3251 978 3298 ool.
991 3261 1014 3300 1.
1031 3252 1065 3297 Er
1075 3250 1115 3298 isti

80 3325 179 3389 (nempe
188 3327 297 3390 AEgyptli
308 3327 431 3390 proselyti)
436 3329 543 3392 florrurrt
553 3327 662 3388 vitalum,
669 3329 723 3393 quia
733 3327 831 3376 solebant
838 3328 994 3389 idololatriam,
1002 3329 1115 3393 tristife-

77 3416 161 3465 errrant,
173 3417 196 3453 ar
207 3407 231 3454 irr
240 3409 419 3472 caurasuaront,
430 3417 456 3454 ot
462 3405 557 3469 populor
562 3416 674 3469 peccaret.
700 3408 757 3457 Vide
767 3408 824 3474 quid
832 3408 935 3471 scripturn
946 3411 976 3456 u'r
987 3410 1062 3457 Exodi
1072 3421 1115 3460 82.

77 3501 137 3536 verr.
148 3496 173 3535 4.
207 3487 258 3534 Noa
274 3498 306 3534 ert
321 3488 427 3550 scriptura
443 3486 488 3547 tio,
506 3487 549 3534 Isti
563 3497 615 3534 ruat
630 3488 674 3534 Dii
689 3489 767 3548 morri,
778 3489 817 3535 red
825 3488 864 3535 isti
875 3499 925 3536 runt
937 3489 981 3536 Dii
992 3490 1041 3538 tui:
1058 3493 1118 3558 quod

75 3554 191 3634 proselyti,
201 3568 303 3632 qai-corn
314 3569 391 3632 quoe
401 3569 550 3626 ascenderam,
563 3567 607 3629 ipsi
608 3569 716 3631 secarunt
726 3569 800 3627 illum,
817 3580 839 3616 et
855 3569 959 3618 dixerunt
970 3571 1059 3632 israeli,
1075 3575 1117 3622 nrt

78 3658 127 3695 strat
139 3647 184 3695 Dii
194 3648 236 3695 tui.
270 3649 357 3696 Idcirco
368 3650 429 3698 Deras
439 3658 527 3696 sanctur
536 3647 660 3697 'benedictus
676 3648 737 3696 dixit
750 3649 835 3712 Moysi,
854 3651 924 3710 Vade,
940 3652 1049 3712 descende,
1061 3655 1117 3720 quia

78 3724 277 3788 oorropir'populor
290 3737 348 3775 roos.
380 3727 611 3796 VideSalomonem
621 3728 713 3786 Jorchi,
726 3730 752 3776 in
762 3729 869 3777 eundem
880 3730 957 3778 Exodi
969 3731 1053 3781 locum
1064 3750 1115 3785 ver.

79 3815 100 3854 s.
116 3795 189 3855 Aben
200 3808 263 3855 Ezra
274 3809 332 3857 ibid.
343 3823 393 3856 ver.
405 3819 446 3857 ou.
457 3817 481 3856 ot
491 3807 684 3857 Absrbouellunr
700 3809 757 3858 ibid.
773 3825 823 3858 ver.
836 3821 874 3858 11·
896 3813 929 3860 At
945 3812 984 3860 vel
1000 3828 1030 3862 ex
1047 3818 1115 3866 nuda

77 3889 136 3936 seori
151 3888 246 3936 Textus
261 3888 375 3946 lectione,
391 3899 416 3937 et
432 3903 464 3936 ex
478 3889 554 3936 Lxx.
577 3890 739 3952 Interpretum
754 3892 864 3940 versione
880 3893 945 3940 hsno
961 3893 1114 3944 Rsbinorum

78 3967 245 4029 ooujectursm
256 3970 326 4023 valde
337 3971 455 4018 incertam
466 3970 612 4032 totitemque
622 3986 674 4019 esse
684 3972 748 4020 clare
759 3972 888 4035 colligitur.

108 4053 121 4088 ἱ
134 4051 174 4098 lta
181 4051 355 4105 ratituoudam
360 4052 503 4099 censuimus
513 4052 633 4112 depravati
642 4052 730 4100 codicis
735 4052 873 4102 Casinensis
882 4053 1022 4115 lectionem,
1030 4053 1055 4104 in
1063 4071 1115 4121 quo

79 4129 113 4178 sio
123 4129 247 4195 mutui,
258 4141 281 4178 er
288 4131 404 4186 marronis
415 4148 451 4192 ae,
463 4127 514 4178 &a
525 4131 572 4179 nisi
583 4131 638 4193 quis
648 4132 770 4195 moluerit,
781 4134 933 4187 ammoniam.

494 4229 505 4268 ⁵
520 4232 593 4281 Joan.
602 4233 654 4281 viii.
665 4245 706 4287 44.

578 4339 598 4382 Ρ
612 4331 632 4382 2
