2684 4740
146 301 210 387 37⁶
290 312 317 367 ,·
347 334 354 369 -,
483 298 848 367 annotationes

145 470 358 558 perviderant.
414 468 453 534 Id
479 470 563 537 euim
591 482 640 536 est
667 463 781 538 :tin
810 471 896 557 Quae
923 468 1195 558 chrysostomus,

150 556 340 644 Symmachi
361 556 608 642 explicationem
631 566 897 644 sequutus‚'cum
920 557 1137 666 sequentibus
1154 557 1199 625 ita

148 643 298 729 pertexit,
312 641 490 727 ῗΑμόρφοοτέν
499 670 548 725 με,
562 642 671 722 τιντέςι,Ι
684 641 786 726 μηδένα
802 640 927 707 λαθόντα
937 666 1034 722 τοτον,
1046 642 1089 709 ἔτι
1101 658 1196 709 πλατ-

149 727 274 810 τόμενον,
293 728 332 791 ἔτι
354 727 536 811 ὑφαινόμενον·
559 731 607 793 καὶ
628 729 699 794 οὗτοι
720 757 755 810 με
774 727 829 793 iius
849 730 1011 812 nandans
1029 733 1197 796 ἐκεῖνοντὸν
1234 768 1238 776 ·

148 815 367 900 πεπληρωμένον
383 816 430 879 καὶ
447 817 559 897 &diptica
571 815 673 901 ἡμέρας
688 815 727 880 ὅτι
740 816 871 899 δεόμενον,
883 817 956 902 πρὸς
970 820 1018 895 τὴν
1034 816 1196 905 &adparata

148 901 194 965 Et
214 901 313 988 paulo
336 914 423 987 post,
439 900 536 984 ὁμοίως
556 902 664 977 ἐκείνοις
685 929 721 984 με
744 902 818 981 εἶδες,
840 906 897 976 τοῖς
917 903 1150 985 πλαττομίνοις,
1172 906 1196 968 ἓν

148 990 211 1062 ταῖς
225 987 338 1073 ἡμέραις
353 991 453 1067 αὐτῶν,
468 989 593 1074 ἡμέραις,
609 987 652 1064 οἶς
666 992 716 1053 οὐκ
736 989 812 1053 ἐνέδει
822 1030 825 1035 -
836 988 935 1070 &dupin
949 989 1051 1076 ἡμέρα.
1073 989 1197 1055 Vten-

149 1092 236 1143 11115.
272 1075 464 1139 Notandum
478 1088 537 1154 est,
552 1088 661 1140 extare
675 1074 845 1140 lectionem
863 1074 1103 1161 Dionysianam
1119 1079 1196 1139 aaa·

147 1157 285 1245 τὲργοιςὸν
299 1185 360 1237 σου,
376 1174 408 1223 et
430 1160 573 1244 ὀφθαλμοί
584 1188 649 1244 μου,
665 1162 697 1224 in
719 1160 831 1225 codice
847 1160 1068 1229 Alexandrino
1087 1169 1145 1225 τιῖνν
1164 1160 1196 1226 ι’.

147 1267 168 1310 a
183 1245 306 1311 Grabio
320 1258 394 1332 post
407 1247 520 1332 Vigeri
534 1256 693 1334 tempora
720 1247 817 1329 ubliai
827 1246 912 1347 juris
933 1247 1033 1326 facta,
1049 1247 1196 1334 qua'm‘vis

147 1331 329 1399 abeodem
354 1334 478 1399 Grabio
497 1334 530 1399 in
552 1355 641 1399 oram
665 1268 744 1397 editi
759 1332 838 1413 ,libri
862 1332 1029 1420 rejectam.
1073 1330 1196 1397 Εἶδοσον

146 1439 291 1571 qqoque,
317 1419 407 1505 quod
431 1440 494 1506 ope
515 1420 611 1485 MSti
633 1418 883 1504 Praeparotionis
904 1420 1033 1508 Enaog.
1055 1418 1128 1484 vice
1149 1425 1195 1483 τοῦ

148 1531 156 1566 ι
196 1530 250 1569 σαν
273 1504 436 1592 Dionysio
462 1506 601 1592 reposui,
626 1505 721 1570 codex
743 1505 840 1570 Alea.
867 1527 933 1591 prae
960 1526 994 1569 se
1019 1506 1100 1582 fert,
1122 1527 1194 1570 nam

146 1589 254 1659 forma
271 1603 322 1656 est
338 1591 565 1677 interpretibus
583 1593 691 1656 LXX.
711 1593 862 1656 solennis.
903 1591 972 1655 Sed
987 1591 1115 1656 interea
1125 1591 1196 1654 atto

146 1670 322 1743 lectionem
344 1699 552 1743 communem
574 1677 773 1764 Epiphanius
798 1677 898 1743 habet
918 1677 1030 1742 locum
1053 1677 1196 1744 excitans

147 1761 181 1827 in
197 1760 289 1828 Haer.
302 1787 375 1829 xxx.
393 1787 481 1828 num.
497 1780 547 1829 30.
564 1786 596 1850 p.
612 1770 678 1828 156.
693 1763 745 1827 ed.
763 1765 893 1828 Patavii.

160 1898 162 1903 -
192 1851 227 1915 P.
240 1863 310 1928 349.
326 1850 347 1914 l.
363 1862 410 1926 ¹7·
438 1850 453 1927 ἢ
468 1852 514 1914 τὸν
528 1849 621 1934 μέγαν
635 1854 718 1913 τῢτον
732 1849 805 1913 οἷκον
820 1850 895 1934 &c.]
912 1849 997 1913 Cum
1015 1848 1067 1914 his
1080 1850 1194 1929 verbis,

159 1947 231 2013 'uae,
256 1950 292 2000 ut
313 1935 384 2022 jam
408 1936 529 2000 notavit
551 1938 702 2022 Vigerus,
725 1958 801 2000 curn
824 1935 1044 2022 superioribus
1066 1937 1196 2002 contexi

146 1957 280 2100 debent,
298 2021 411 2106 incipit
433 2033 541 2086 tamen
565 2022 696 2087 Eusebii
715 2034 814 2106 caput
829 2036 881 2086 25.
904 2021 983 2086 dum
1005 2020 1061 2085 hic
1082 2022 1195 2088 titulus

146 2107 333 2194 praemissus
354 2121 414 2186 est,
434 2108 505 2171 Ἀπὸ
527 2114 574 2184 τῆς
594 2115 644 2173 τοῦ
664 2107 774 2182 παντὸς
794 2107 951 2181 ons-ainwa·
973 2109 1030 2170 aet
1052 2113 1091 2170 τιῖ
1110 2111 1196 2173 αὐτό.

147 2193 234 2259 Idenr
249 2216 288 2259 ea
301 2192 438 2258 universi
452 2191 610 2258 molitione
624 2193 794 2276 corrficitur.
832 2195 888 2258 Ea
900 2192 1017 2256 eodem.

192 2281 227 2344 Ρ.
244 2293 314 2346 350.
337 2278 360 2344 l.
378 2293 408 2343 2.
445 2278 646 2366 ἐπιφερομένης]
674 2281 751 2344 MS.
780 2277 994 2361 ἐτιφαινομένης.
1043 2278 1139 2344 Plato
1163 2277 1195 2344 in

151 2365 272 2452 Gorgia
295 2387 335 2428 ex
360 2365 639 2451 Pythagoreorum
667 2365 817 2450 placitis3
842 2365 922 2428 Φασὶ
948 2367 969 2426 δ’
993 2363 1038 2427 οὖν
1061 2361 1195 2447 erpoini

148 2451 339 2530 Καλλίκλεις,
356 2454 403 2514 καὶ
420 2453 517 2538 ἐρανὸν
532 2453 580 2514 καὶ
595 2457 657 2534 γῆν,
672 2453 719 2514 καὶ
739 2449 806 2526 &ads
829 2449 875 2528 no)
893 2450 1054 2537 ἀνθρώπους
1073 2455 1123 2530 τὴν
1138 2476 1195 2514 κοι-

148 2538 242 2603 νωνίαν
257 2537 393 2624 συνέχειν,
410 2537 456 2617 καὶ
471 2537 565 2620 φιλίαν
581 2536 626 2616 aa)
643 2537 825 2620 κοσμιότητα,
841 2536 886 2616 κο)
905 2536 1081 2623 σοοφςοούνην
1095 2535 1144 2616 κα)
1156 2539 1171 2600 δ
1181 2578 1196 2590 -

148 2623 294 2703 ueritum,
319 2623 364 2699 noi
389 2627 421 2688 ri
446 2623 508 2687 ὅλον
529 2632 609 2687 τοῦτο
633 2625 678 2685 tta
698 2630 790 2686 ταῦτα
811 2624 995 2686 ΚΟΣΜΟΝ
1016 2629 1154 2701 καλῦσιν,
1176 2619 1196 2686 ὦ

148 2714 251 2797 ἑταῖρε,
264 2714 313 2777 οὐκ
327 2710 479 2793 ἀκοσμίαν.
501 2712 531 2792 φ.
544 2709 620 2774 xlix.
637 2731 694 2773 seu
708 2732 783 2795 pag.
797 2722 866 2784 507.
883 2708 936 2772 ed.
952 2707 1068 2794 Steph.
1113 2710 1197 2773 Mox

148 2797 322 2884 προάγεθοο
336 2818 394 2880 pro
410 2798 602 2882 ωςοτοὶγεῶαι
615 2795 692 2859 MS.
790 2848 793 2853 .
1075 2822 1078 2827 ’

193 2882 277 2945 lbid.
296 2882 318 2944 l.
334 2896 362 2943 8.
391 2882 463 2944 Tira
486 2884 513 2944 δὲ
540 2884 562 2968 ιζ,
586 2881 698 2968 τρόπον]
729 2880 920 2945 Particulam
946 2879 992 2960 aa)
1016 2879 1131 2945 addidi
1159 2903 1196 2947 ex

148 2967 248 3033 Msro
264 2967 480 3052 desumptam.
526 2969 564 3030 In
582 2989 657 3032 voce
673 2970 788 3030 ἀπατῶν
803 2965 940 3030 subaudi
955 2967 1080 3049 ἀτόμων.
1146 2996 1150 3000 ·

193 3051 278 3117 Ibid.
294 3052 316 3117 l.
332 3065 378 3113 12.
400 3052 415 3129 ἢ
429 3052 593 3138 μακραίωνα
607 3079 644 3138 γε
659 3059 736 3117 κοντοὶ
749 3051 795 3116 τοι
811 3050 881 3126 ἕτοις
902 3051 1096 3138 ὀνομάσαντα]
1113 3049 1197 3118 Dix-

149 3149 219 3204 erat
232 3137 385 3202 nimirum
400 3137 613 3224 philosophus
627 3140 798 3226 quispiam,
810 3139 968 3203 naturalia
980 3144 1045 3202 non
1057 3151 1128 3203 tarn
1140 3160 1198 3225 ap-

149 3223 300 3311 pellanda
314 3237 433 3288 aeterna
447 3247 527 3304 esse,
543 3248 639 3311 quam
656 3226 819 3290 diuturna.
863 3223 1026 3289 Caeterum
1044 3246 1102 3312 per
1118 3224 1197 3312 Epi-

149 3312 218 3377 curi
233 3325 332 3410 atque
347 3311 584 3376 Atornistarum
609 3310 775 3398 principia,
789 3318 943 3388 monente
966 3309 1197 3397 Stillingfleeto

148 3397 183 3463 in
201 3396 380 3485 Originibus
398 3397 484 3462 Socr.
501 3398 560 3462 lib.
577 3397 622 3461 iii.
644 3420 715 3482 cap.
730 3413 760 3460 2.
784 3401 813 3481 ξ.
833 3411 879 3472 17.
901 3396 980 3462 nulli
1001 3398 1128 3461 naturae
1149 3394 1198 3460 vel

149 3484 283 3550 effectus
304 3484 353 3548 vel
374 3506 472 3568 opera
487 3499 561 3569 apte
576 3484 677 3570 quaeri
691 3497 725 3547 et
738 3483 889 3569 explicari
905 3494 1059 3582 possuntt
1097 3479 1199 3583 Quod

37 3610 42 3617 ·
150 3569 282 3656 quidem
303 3569 456 3656 praeclare
478 3570 532 3634 hic
553 3569 722 3634 ostendere
736 3569 787 3633 ait
809 3569 1020 3656 Dionysium,
1041 3566 1200 3655 objicien-

149 3670 218 3723 tem
245 3656 326 3720 illud
354 3656 522 3735 atomistis,
546 3656 670 3720 efficere
694 3677 750 3720 eos
777 3655 865 3719 nulla
887 3655 1007 3720 idonea
1027 3676 1131 3721 causa
1148 3653 1197 3719 al·

147 3741 216 3809 lata
241 3764 280 3806 ex
304 3765 368 3806 una
394 3742 571 3829 eademque
599 3742 733 3807 materia
758 3741 913 3806 uniformi
935 3764 997 3819 res,
1021 3763 1098 3804 cum
1125 3739 1197 3806 illas

149 3850 246 3897 sensu
262 3841 439 3914 perceptas,
455 3844 524 3893 tum
540 3828 617 3893 alias
632 3851 706 3893 eum
724 3827 903 3914 'fugientes3
919 3826 1092 3892 nonnullas
1107 3827 1198 3905 item,

150 3938 223 4002 quae
238 3913 333 3979 vitam
351 3915 472 3981 sortitae
491 3915 555 3979 sint
575 3915 773 3992 diuturnam,
789 3914 866 3979 alias
888 3927 1010 3990 auteur,
1027 3934 1102 4000 quae
1122 3914 1197 3978 bre·

149 4001 325 4065 vissimarn.
370 4002 456 4064 Tum
478 4024 564 4081 vero,
579 4001 692 4088 judice
714 4000 832 4065 eodem
852 3999 1196 4086 Stillingflaeto,·Dio·

150 4088 262 4237 opsius
279 4087 311 4150 in
326 4086 421 4186 φῆοεσι
437 4089 648 4173 sequentibus
668 4109 789 4173 magna
806 4109 882 4152 cum
904 4085 1091 4186 eloquentia
1105 4085 1197 4151 istius

197 4173 365 4258 ilosophrae
380 4172 505 4261 liquido
520 4174 668 4259 exposuit
682 4173 846 4260 irrisitque
861 4173 1045 4238 stultrtram.

149 4194 171 4259 p
195 4260 229 4324 P.
241 4275 311 4324 351.
328 4261 350 4325 l.
363 4265 394 4324 6.
416 4260 464 4325 καὶ
479 4269 534 4325 τῶν
548 4259 733 4346 γεννωμένων]
750 4259 934 4326 Articulum
949 4257 1104 4346 praestitit
1119 4255 1194 4321 MS.
