2684 4740
415 457 768 538 nocusn‘rro
807 420 809 427 ’

64 608 131 722 ‘lu
150 630 408 693 smusumum
427 634 663 693 umsconun
685 626 1098 697 cnnrnncrumusurn,

120 776 123 781 .
152 746 207 804 ur
228 744 460 804 secuuntur
480 745 760 805 morsrnnuun
778 736 1024 802 urrscoeuu.

480 906 699 958 —-*-

10 1042 12 1047 ’
77 1035 118 1104 De
131 1037 287 1125 Epistoiis
300 1035 458 1103 Mensurii
472 1035 515 1100 od
531 1037 703 1101 Secundum
719 1048 749 1101 et
765 1036 897 1101 Secundi
917 1036 960 1102 ud
975 1035 1110 1101 Mensu-

107 1125 204 1204 nfum,
219 1124 287 1187 inec
306 1123 339 1189 S.
350 1120 549 1214 Augustinus
571 1121 604 1185 in
624 1122 793 1187 Breviculo
815 1121 1008 1188 Collationis
1026 1122 1109 1187 Car·

81 1215 88 1319 ι’
107 1208 325 1359 {gaagpqls
346 1228 418 1293 cap.
432 1206 500 1271 xiii.
521 1229 555 1274 n.
567 1221 617 1271 25.
632 1219 665 1271 et
679 1229 711 1272 n.
725 1219 776 1284 27.
791 1219 872 1272 tom.
885 1206 928 1272 ix.
944 1228 1020 1294 pag.
1034 1214 1107 1274 386.

77 1477 80 1484 .
101 1414 212 1478 Tuuc
229 1414 411 1482 Donatistae
421 1412 464 1477 ali
489 1425 621 1478 uantum
633 1413 802 1500 praelocuti
813 1427 899 1495 sunt,
933 1413 998 1480 uod
1010 1414 1108 1480 Meu-

68 1500 168 1569 turius
181 1499 239 1585 qui
250 1499 355 1564 fuerat
369 1511 444 1564 ante
459 1437 670 1562 daecilianum
683 1498 828 1575 ecclesiae
843 1499 922 1564 Cart
947 1499 1109 1586 aginensis

66 1583 247 1670 episcopus,
262 1597 410 1669 tempore
416 1583 657 1730 persecutionis
672 1583 837 1648 tradiderit
851 1584 1109 1669 persecutoribus

65 1682 191 1744 sanctam
203 1670 393 1754 Scripturas.
445 1681 459 1730 t
474 1667 537 1732 hoc
548 1682 586 1733 ut
596 1669 781 1755 probarent,
792 1668 942 1754 legerunt
954 1668 1023 1754 ejus
1034 1690 1056 1734 e
1076 1668 1106 1732 i·

64 1753 183 1818 stolam
194 1753 236 1818 ad
252 1752 437 1819 Secundum
448 1753 665 1838 Tigisitanurn
678 1753 799 1833 datam,
809 1753 865 1838 qui
878 1768 955 1818 tunc
968 1690 1113 1820 habebat-

62 1839 237 1924 primutum
252 1838 479 1924 episcoporum
494 1838 660 1902 Numidiae
672 1863 681 1914 ;
705 1837 737 1901 in
749 1861 813 1925 qua
826 1839 967 1923 epistola
977 1836 1108 1903 videba-
1179 1850 1181 1854 ’

64 1938 116 1988 tur
135 1925 324 1989 Mensurius
339 1924 426 1989 velut
444 1924 486 1989 de
509 1944 568 1986 suo
590 1923 722 1987 crimine
737 1923 903 1988 confiteri:
927 1925 983 2011 qui
998 1938 1108 1990 tamen

63 2030 128 2089 non
143 2008 312 2094 scripserat
327 2031 361 2073 se
376 2019 504 2073 sanctos
520 2007 661 2077 Codices
677 2007 855 2088 tradidisse,
872 2008 928 2076 sed
944 2011 1108 2095 potiusne

62 2093 364 2180 upersecutoribus
385 2093 600 2159 invenirentur
621 2093 804 2171 abstulisse,
824 2108 922 2180 atque
944 2115 1084 2161 servasse
1094 2119 1106 2176 ς

61 2178 222 2243 dimisisse
236 2193 347 2243 autem
365 2179 398 2243 in
420 2177 552 2243 basilica
567 2182 724 2244 novorum
740 2200 954 2266 quaecumque
970 2181 1108 2265 reproba

61 2265 181 2351 scripta
198 2263 434 2341 haereticorum,
451 2284 614 2350 quaecum
629 2262 821 2332 invenissent
834 2277 1056 2349 persecutores
1066 2277 1108 2350 ‚et

61 2349 280 2429 abstulissent,
306 2349 385 2413 nibil
411 2347 536 2415 abillo
562 2347 701 2434 amplius
726 2348 917 2434 postulasse.
964 2351 1106 2417 Verum«

60 2433 345 2521 tamenquosdam
363 2432 628 2518 Carthaginensis
649 2433 770 2499 ordinis
789 2433 872 2497 viros
893 2446 1005 2518 postea
1027 2457 1108 2520 sug-

79 2512 82 2522 ’
104 2519 201 2585 ssisse
214 2519 411 2606 proconsuli,
427 2516 516 2604 quod
532 2517 617 2581 illusi
632 2518 758 2583 fuerant
772 2518 829 2617 qui
851 2517 939 2582 missi
959 2531 1049 2583 erant
1063 2519 1107 2585 ad

61 2540 325 2670 {christianorum
340 2602 521 2689 Scripturas
537 2602 725 2667 auferendas
740 2617 773 2667 et
788 2602 1015 2682 meendendas,
1030 2604 1107 2690 quia

60 2711 126 2754 non
141 2689 326 2755 invenerant
339 2688 400 2754 nisi
417 2686 524 2756 nescio
537 2710 611 2787 quie
625 2687 666 2751 ad
678 2710 733 2751 eos
749 2710 813 2752 non
828 2688 1037 2774 pertinentia3
1054 2689 1105 2775 ip.

61 2796 112 2840 sss
123 2788 235 2840 autem
254 2775 286 2838 in
303 2773 403 2838 domo
418 2774 562 2861 episcopi
577 2773 746 2852 custodiri,
761 2772 846 2838 unde
861 2772 1015 2837 deberent
1027 2796 1106 2860 pro·

60 2859 137 2925 ferri
150 2873 184 2924 et
202 2858 331 2925 incendi
345 2887 353 2928 ;
362 2859 602 3008 <proconsulem
623 2881 698 2924 vero
720 2857 761 2925 ad
782 2857 847 2923 hoc
866 2857 912 2922 eis
926 2859 1109 2925 consentire

60 2944 228 3031 noluisse„
259 2945 297 3006 ln
316 2944 361 3008 eis
385 2966 436 3011 eru
458 2945 556 3009 etiarn
579 2943 693 3009 litteris
712 2943 833 3009 lectum
849 2955 911 3023 est,
927 2965 983 3008 eos
998 2945 1054 3032 qui
1069 2967 1104 3010 se

61 3030 215 3099 offerrent
228 3029 505 3115 persecutionibus
527 3050 591 3092 non
613 3028 849 3114 comprehensi,
864 3043 898 3092 et
915 3029 999 3094 ultro
1014 3030 1103 3094 dice·

60 3127 134 3182 rent
155 3135 191 3179 se
212 3112 330 3177 babere
352 3114 537 3199 scripturas,
561 3135 640 3200 quas
663 3136 728 3177 non
751 3113 925 3192 traderent,
945 3135 964 3178 a
985 3115 1103 3213 quibus

59 3199 125 3279 boc
139 3220 239 3264 nemo
252 3197 434 3285 quaesierat,
451 3197 652 3284 displicuisse
668 3198 849 3276 Mensurio,
865 3212 899 3266 et
917 3199 959 3264 ab
978 3221 1024 3264 ers
1043 3200 1104 3265 ho-

59 3282 211 3349 norandis
226 3305 302 3347 eum
318 3282 521 3368 prohibuisse
538 3282 751 3350 Christianos.
796 3282 939 3348 Quidam
956 3282 1053 3348 etiam
1069 3285 1103 3350 in

59 3369 174 3434 eadem
194 3367 331 3454 epistola
351 3368 522 3433 facinorosi
543 3367 761 3453 arguebantur
783 3379 816 3432 et
838 3367 905 3432 fisci
926 3367 1104 3454 debitores,

59 3455 118 3554 qui
131 3453 301 3519 occasione
315 3452 546 3538 persecutionis
561 3452 609 3519 vel
624 3473 730 3516 carere
741 3451 857 3517 vellent
870 3473 1005 3518 onerosa
1016 3455 1102 3522 mul.

59 3550 101 3605 tu
120 3537 239 3602 debitis
258 3537 334 3616 vita,
347 3537 396 3600 vel
418 3558 557 3624 purgare
579 3559 613 3600 se
635 3548 794 3622 putarent,
811 3552 844 3602 et
859 3538 950 3624 quasi
971 3536 1103 3609 abluero

57 3622 204 3693 facinora
218 3644 288 3701 sua,
303 3622 353 3686 vel
371 3636 456 3685 certe
474 3622 642 3709 adquirere
659 3623 841 3707 pecuniam,
858 3623 939 3687 etin
954 3626 1102 3694 custodia

57 3707 181 3772 deliciis
196 3707 315 3792 perfrui
329 3705 369 3771 de
385 3707 541 3791 obsequio
555 3706 822 3773 Christianorum.
847 3705 978 3775 Crimen
993 3721 1104 3781 tamen

55 3791 243 3857 Donatistae
268 3813 335 3856 non
359 3791 548 3877 ingerebant
572 3791 753 3868 Mensurio,
779 3791 839 3855 nisi
864 3792 906 3860 de
932 3794 1102 3863 codicibus

55 3876 208 3943 traditisr
236 3876 408 3943 mentitum
431 3897 505 3948 eum
530 3874 649 3962 quippe
670 3874 832 3952 dicebant,
856 3877 944 3963 quod
966 3879 1013 3942 illi
1035 3902 1101 3959 non

54 3959 334 4040 fuerintCodices
349 3960 461 4039 suncti,
474 3973 508 4024 et
520 3974 690 4046 peccatum
706 3982 799 4025 suum
816 3974 927 4048 tegere
940 3963 1097 4042 voluisse3

54 4045 204 4135 quamvis
229 4057 261 4110 et
282 4046 387 4130 ipsam
414 4045 577 4108 fictionem
603 4043 856 4112 criminarentur.
912 4046 1099 4115 Recitarunt

54 4131 155 4196 etiam
171 4129 326 4216 rescripta
337 4129 478 4194 Secundi
490 4128 660 4215 Tigisitani
673 4129 714 4193 ad
726 4131 878 4195 eumdem
894 4130 1098 4204 Mensuriunr

54 4214 191 4309 pacifice
203 4213 292 4296 data,
307 4215 365 4282 ubi
384 4227 417 4281 et
437 4214 506 4302 ipse
527 4213 674 4295 narravit,
688 4214 721 4279 in
739 4215 897 4284 Numidia
910 4228 1097 4306 persecuto·

559 4311 607 4367 12
