2684 4740
148 320 210 386 114
346 299 492 366 GESTA
513 301 641 368 APUD
664 301 992 370 ZENOPHILUM.

146 471 254 537 tianus
267 469 367 536 dixit:
390 471 532 538 Acetum
553 472 716 539 sublatum
738 495 758 538 a
777 494 853 538 sene
872 473 1002 540 Silvano
1016 481 1049 537 et
1062 469 1197 537 Dontio

44 590 56 625 ⁸
146 591 181 645 et
206 578 343 666 Superio
366 581 562 669 presbyteris
583 596 617 646 et
638 581 784 647 Luciano
808 582 958 648 diacono.
993 578 1199 666 Zenopbilus

146 689 191 755 V.
204 689 244 753 C.
256 690 431 756 consularis
447 691 677 756 crescentiano
691 692 787 758 dixit:
805 695 854 758 Ex
869 689 1117 779 quadringentis
1130 689 1197 755 fot-

145 797 232 864 libus
243 821 327 885 quos
341 800 469 865 Lucilla
483 800 624 879 donavit,
637 802 778 888 populus
792 800 915 888 aliquid
929 799 1075 886 accepit?
1096 798 1197 863 cres·

147 907 314 974 centianus
328 907 425 974 dixit:
449 909 544 974 Nihil
557 908 632 973 inde
647 932 744 975 nemo
756 910 902 996 accepit:
914 909 1037 990 nescio,
1049 929 1111 990 nec
1121 907 1199 995 quis

146 1017 222 1083 illos
243 1019 434 1105 erogaverit.
480 1018 703 1083 Nundinarius
724 1019 825 1084 dixit:
853 1018 1004 1085 Aniculae
1027 1034 1198 1106 nunquam

147 1127 224 1192 inde
237 1127 359 1215 aliquid
374 1129 588 1214 acceperunt?
614 1127 860 1193 crescentianus
875 1127 978 1194 dixit:
999 1126 1107 1195 Nihil.
1130 1127 1200 1191 Ze-

148 1236 302 1323 nophilus
323 1237 365 1301 V.
375 1237 422 1301 Ὀ.
445 1236 620 1301 consularis
642 1237 745 1303 dixit:
777 1238 875 1303 Certe
897 1238 1048 1326 quotiens
1072 1235 1201 1322 aliquid

149 1346 215 1412 tale
240 1346 391 1426 donatur,
418 1367 530 1410 omnes
557 1346 632 1410 inde
660 1347 834 1434 populares
862 1347 992 1434 publice
1018 1344 1199 1432 accipiunt.

151 1457 400 1525 crescentianus
414 1457 510 1522 dixit:
533 1460 613 1523 Non
627 1459 733 1523 audivi
747 1457 797 1524 vel
811 1457 875 1524 vidi
891 1456 1017 1522 dedisse
1031 1453 1124 1520 illum
1137 1453 1200 1518 ali-

151 1589 245 1654 quos.
290 1566 489 1652 Zenopbilus
513 1568 555 1632 V.
573 1567 613 1633 C.
637 1567 814 1635 consularis
841 1564 1071 1631 crescentiano
1094 1562 1199 1630 dixit:

149 1673 245 1740 Nihil
266 1695 347 1760 ergo
369 1673 482 1740 datum
504 1690 555 1739 est
574 1674 614 1738 de
634 1675 877 1762 quadringentis
898 1660 1028 1740 follibus
1047 1671 1198 1760 populo?

153 1786 399 1852 crescentianus
411 1786 511 1852 dixit:
528 1787 633 1852 Nihil.
656 1788 781 1874 Utique
793 1786 989 1875 pervenisset
999 1784 1110 1872 aliqua
1119 1791 1202 1871 pot-

151 1895 299 1959 tiuncula
313 1895 354 1959 ad
369 1917 439 1960 nos.
477 1895 678 1982 Zenophilus
693 1897 734 1960 V.
747 1895 788 1962 c.
803 1895 979 1962 consularis
993 1892 1096 1959 dixit:
1118 1893 1199 1980 Quo

147 2025 232 2092 ,ergo
254 2004 372 2068 sublati
394 2007 492 2069 sunt?
524 2003 770 2070 crescentianus
790 2004 891 2070 dixit:
912 2002 1049 2070 Nescio.
1084 2002 1199 2067 Nemo

152 2113 234 2178 nihil
248 2114 384 2199 accepit.
420 2113 642 2178 Nundinarius
656 2113 757 2180 dixit:
772 2115 888 2181 Victor
901 2128 982 2203 quot
996 2111 1092 2178 folles
1103 2108 1198 2186 *dedit

147 2236 189 2289 :ut
203 2225 292 2288 fieret
304 2223 474 2309 presbyter
486 2225 497 2286 i
529 2222 778 2289 crescentianus
791 2221 894 2289 dixit:
916 2221 995 2288 Vidi
1009 2219 1126 2286 allatos
1139 2239 1199 2285 eo·

149 2332 268 2420 phines
290 2353 366 2396 cum
389 2330 536 2418 pecunia.
575 2332 773 2419 Zenophilus
787 2331 832 2397 V.
845 2331 884 2397 c.
898 2328 1076 2403 consularis
1099 2325 1199 2395 ctas·

151 2442 301 2509 centiano
328 2441 429 2506 dixit:
464 2440 529 2506 Cui
557 2439 624 2505 dati
653 2452 728 2505 sunt
755 2440 909 2527 cophini?
951 2437 1200 2506 crescentianus

151 2551 254 2618 dixit:
289 2551 454 2638 Episcopo
480 2549 620 2614 Silvano.
663 2547 862 2635 Zenopbilus
885 2548 929 2613 V.
953 2547 992 2612 C.
1018 2544 1200 2613 consularis

152 2660 253 2730 dixit:
276 2659 407 2725 Silvano
430 2659 500 2724 dati
523 2661 619 2724 sunt?
650 2656 896 2724 crescentianus
922 2655 1026 2722 dixit:
1055 2653 1200 2720 Silvano.

145 2768 355 2855 ,zenophilus
374 2769 420 2833 V.
436 2769 476 2832 C.
498 2767 674 2833 consularis
694 2765 797 2831 dixit:
827 2766 952 2852 Populo
977 2763 1059 2830 nihil
1082 2763 1198 2831 datum

152 2881 223 2947 est?
256 2876 456 2963 Respondit:
482 2877 588 2941 Nihil.
631 2879 774 2942 Necesse
796 2890 906 2941 estut
931 2888 966 2942 et
990 2896 1050 2942 nos
1074 2871 1198 2962 aliquid

153 2990 385 3077 acciperemus,
412 2987 440 3051 si
464 2986 731 3052 distribuerentur
755 2985 839 3052 sicut
860 2987 954 3051 solet.
997 2981 1199 3070 Zenophilus

153 3106 199 3170 V.
212 3104 253 3169 C.
268 3101 443 3174 consularis
464 3100 668 3166 Nundinario
691 3101 792 3166 dixit:
816 3099 907 3188 Quid
928 3096 1017 3164 aliud
1036 3096 1079 3162 de
1101 3096 1200 3168 Cres-

155 3213 303 3280 centiano
330 3223 424 3298 putas
452 3230 522 3275 esse
550 3209 802 3296 requirendum?
841 3206 1064 3275 Nundinarius
1093 3205 1197 3271 dixit:

156 3321 257 3409 Ipsud
277 3333 338 3386 est.
376 3317 577 3405 Zenophilus
590 3317 634 3382 V.
648 3317 688 3389 c.
707 3318 884 3382 consularis
905 3315 1008 3384 dixit:
1030 3314 1198 3382 Quoniam

156 3431 197 3497 de
221 3429 372 3495 omnibus
397 3425 644 3496 crescentianus
669 3425 886 3491 subdiaconus
909 3422 1097 3509 simpliciter
1119 3438 1197 3488 eon·

156 3540 259 3604 fessus
279 3548 340 3614 est,
362 3537 599 3601 submoveatur.
650 3536 733 3599 Item
756 3533 890 3598 inducto
912 3545 944 3596 et
966 3529 1123 3617 applicito
1144 3530 1200 3599 Ja-

157 3645 271 3712 nuario
299 3642 510 3721 subdiacono,
538 3641 738 3732 Zenophilus
763 3642 806 3706 V.
828 3642 868 3708 c.
894 3639 1073 3706 consularis
1094 3637 1198 3713 dixit:

156 3757 239 3845 Quis
254 3754 396 3834 vocaris?
428 3752 608 3839 Respondit
618 3798 718 3818 .....
1147 3766 1151 3773 '
1178 3764 1182 3769 ’

555 3861 664 3927 cetera
677 3859 797 3925 desum.

197 3977 309 4035 Extant
326 3976 388 4032 hac
402 3994 468 4054 pag.
480 3974 631 4035 9·l-106.
644 3972 702 4034 sol.
712 3975 743 4032 ii.
760 3975 878 4034 Miscell.
894 3972 993 4052 Steph.
1008 3969 1136 4042 Baiani,
1152 3967 1200 4029 :et

159 4104 194 4153 ex
208 4081 270 4143 aliis
285 4080 348 4144 edd.
362 4081 411 4138 bic
424 4087 563 4139 correcta.
650 4093 653 4099 ·
1181 4054 1184 4065 Ι
