2684 4740
208 382 353 451 wcundo
367 383 442 448 loco
456 382 562 470 posui,
574 381 670 447 aliam
683 381 846 470 quandam
858 383 1052 450 substituere
1064 382 1145 450 libet
1156 407 1176 448 a
1191 369 1257 450 Ro·

211 494 310 538 mano
331 468 455 545 editore
474 466 648 534 adductam
669 491 703 556 p.
718 483 789 535 noo.
816 468 875 554 Op.
898 470 1055 560 Dionysii,
1077 483 1110 535 et
1131 492 1172 536 ex
1187 471 1256 535 Va-

211 558 319 624 ticana
340 556 466 621 Catena
484 555 518 620 in
539 554 719 643 Epistolam
735 557 770 620 S.
787 555 905 621 Jacobi
925 579 997 645 cap.
1012 557 1052 622 iv.
1071 572 1099 621 1.
1121 556 1256 623 desum-

210 657 399 810 Pta'll'deeip.
415 727 576 811 (Textus).
598 727 693 792 [ld-ier
704 726 820 811 πόλεμοι
832 729 880 792 καὶ
891 728 990 814 μάχαι
1002 732 1029 794 ἐν
1040 733 1122 813 δμῖνς
1137 728 1258 794 Asiam-

214 841 258 881 τιν
275 817 310 891 οδς
331 812 383 902 κᾷν
402 815 618 878 ὑτοτλίιτίονται
636 815 710 897 (for.
728 815 965 898 δτοτλάτίανται)
987 815 1069 901 λόγοι
1089 817 1259 879 διδασκαλι-

213 902 268 982 κοδ,
284 900 342 966 δ’λοι
356 900 488 987 σαρκικοί
502 906 567 979 εἰσι,
583 901 631 965 καὶ
651 904 690 964 τοὶ
705 899 908 986 χαλεπώτατα
921 901 1084 988 erpoinum.
1106 908 1189 964 τοῦτο
1204 901 1260 964 dii

213 992 334 1063 Παῦλος
355 985 493 1068 ὠνείδιζεν·
518 985 613 1051 Ὅπου
633 992 693 1075 γὰρ
711 988 737 1051 ἐν
752 991 826 1071 ὑμῖν,
841 986 930 1075 λέγει,
948 990 1027 1070 ζῆλος
1046 988 1093 1052 καί
1115 985 1180 1073 ἔρις,
1195 986 1259 1071 οὐχί

214 1071 347 1160 σαρκικοί
365 1077 429 1154 ἑςι;
454 1079 467 1136 ὁ
486 1075 536 1156 μὲν
558 1075 618 1161 γὰρ
637 1073 725 1160 ἀγρδν
743 1077 881 1159 ἀρκοῦντα
902 1073 1076 1157 κεκτημένος,
1090 1075 1179 1150 ἐπειδὴ
1195 1071 1260 1155 μεί-

215 1163 281 1242 ζονα
294 1164 391 1245 θεωρεῖ
403 1159 449 1223 τδν
464 1166 513 1224 τοῦ
528 1159 660 1245 γείτονος,
675 1162 794 1238 αὐξῆσαι
808 1161 855 1223 τδν
869 1167 966 1224 ἑαυτοῦ
985 1162 1138 1243 φιλονεικεῖ·
1163 1156 1260 1222 doari-

210 1271 269 1322 -τας
284 1247 331 1310 καί
347 1250 486 1325 ποιεῖται,
499 1248 546 1310 τδν
561 1245 634 1312 οίκον
648 1245 815 1334 ὑψηλίτιρον
833 1251 892 1328 (τοῦ
911 1245 1032 1331 γείτονος
1049 1243 1261 1332 θεωρούμενος).

214 1331 270 1397 Sic
285 1331 409 1397 editum
425 1346 486 1397 est.
525 1333 563 1397 In
583 1355 656 1397 mea
674 1344 783 1397 autem
799 1333 875 1420 ρῆσα
895 1332 959 1398 hoc
974 1343 1100 1398 tantum
1115 1331 1261 1419 positum

214 1431 266 1483 est
279 1417 412 1494 ὤσαιίτοις
427 1416 473 1498 aa)
487 1423 606 1497 ποιῆσαι
620 1446 648 1483 τ.
663 1418 699 1483 oi.
715 1423 743 1484 ri.

260 1505 299 1570 Id
319 1506 450 1592 insuper
470 1505 583 1569 saltem
602 1527 622 1574 a
640 1527 694 1569 me
716 1504 918 1570 referendum
941 1516 1002 1584 est,
1019 1503 1144 1591 opinari
1160 1502 1262 1567 virum

213 1590 257 1657 cl.
273 1592 399 1656 Praefat.
414 1613 447 1678 p.
460 1591 502 1655 ix.
522 1592 705 1677 fragmenta
724 1591 780 1657 illa
799 1593 888 1657 Dion
914 1592 952 1656 sii
972 1591 1059 1679 apud
1079 1590 1209 1655 Nicetae
1230 1589 1264 1652 in

213 1678 338 1744 Jobum
363 1678 534 1757 Catenam,
557 1701 630 1764 quae
653 1679 686 1742 in
707 1677 771 1744 vol.
787 1678 820 1742 ii.
841 1615 1060 1764 Rediquiarum
1082 1675 1201 1776 adjeci,
1224 1696 1264 1738 ex

213 1762 367 1851 Dionysii
389 1764 473 1829 libro
495 1764 533 1828 de
554 1762 717 1852 Martyris
741 1764 912 1849 desumpta
933 1760 1051 1842 fuisse;
1076 1785 1154 1849 quta
1176 1760 1264 1825 idem

213 1850 350 1915 Nicetas
369 1849 402 1914 in
417 1849 585 1915 codicibus
601 1848 755 1914 Romanis
771 1851 905 1914 Catenae
922 1843 990 1914 suie
1012 1849 1046 1912 in
1064 1850 1191 1912 Lucam
1206 1844 1264 1911 ad·

215 1949 364 2020 notatum
380 1934 498 2001 habeat
511 1935 657 2000 Areuanias
674 1935 887 2021 Ἀλεξανδρείας
906 1936 980 2022 πρὸς
1000 1934 1163 2023 Ὠριγένην,
1178 1933 1264 1997 Hie·

213 2043 372 2110 ronymua
386 2043 461 2086 vero
476 2020 594 2107 aliique
610 2035 731 2085 veteres
749 2021 868 2085 librum
890 2020 1042 2108 Dionysii
1057 2041 1264 2084 commemo·

157 2098 164 2121 '
213 2105 973 2201 raverintscriptumndOrigenemdeMurtyrio.
989 2107 1115 2172 Verum
1125 2105 1262 2170 dubium

213 2192 351 2273 videtur,
375 2193 501 2259 etiamsi
522 2214 626 2294 ponas
649 2193 801 2258 Nicetam
827 2194 859 2257 in
888 2205 1027 2281 utraque
1054 2192 1182 2258 Catena
1205 2213 1265 2256 sua

213 2279 354 2348 eundem
377 2277 531 2367 Dionysii
552 2278 671 2343 librum
694 2279 901 2365 excerpsisse,
924 2301 965 2343 an
988 2278 1076 2343 istud
1096 2284 1176 2341 Διον.
1192 2281 1263 2341 Ἀλ.

215 2367 290 2454 σρδς
308 2365 457 2453 Ὠριγένην
476 2367 511 2430 S.
528 2365 680 2452 Dionysii
695 2364 736 2430 ad
752 2365 926 2451 Origenem
943 2365 981 2428 de
995 2364 1160 2454 Martyris
1182 2385 1264 2450 opus

215 2474 323 2519 revera
339 2452 456 2539 signet.
499 2453 573 2516 Nec
589 2465 697 2516 temen
713 2451 832 2516 adduci
847 2473 992 2538 possum,
1005 2465 1042 2516 ut
1056 2450 1201 2529 credam,
1213 2451 1263 2514 ul-

214 2538 285 2604 lum
309 2560 453 2626 unquam
469 2537 589 2602 librum
604 2550 712 2602 contra
728 2538 918 2624 origenem,
934 2538 997 2602 sive
1013 2539 1077 2601 κατ’
1090 2536 1264 2625 Ὠςιγένοος,

215 2625 244 2690 si
263 2626 327 2690 hoc
344 2625 419 2691 velit
438 2624 564 2702 titulus,
581 2623 725 2688 Ainesios
744 2624 955 2712 Ἀλεξανδρείας
974 2624 1047 2709 οιρδς
1069 2623 1265 2709 Ὠριγένην,α

214 2711 379 2799 Dionysio
395 2710 624 2798 compositum.

259 2800 344 2886 Quae
360 2797 498 2884 denique
513 2797 623 2863 attulit
636 2797 678 2863 cl.
693 2797 799 2863 editor
813 2798 845 2862 in
863 2797 1065 2875 Praefatione,
1082 2818 1120 2860 ac
1137 2794 1216 2861 Vita
1231 2794 1264 2856 S.

214 2883 379 2971 Dionysii,
393 2897 463 2949 tum
479 2884 519 2948 de
539 2894 669 2970 recepta
682 2907 702 2948 a
717 2884 867 2949 Concilio
881 2883 1089 2948 Antiocheno
1104 2903 1184 2946 voce
1200 2885 1265 2962 ὁμο-

216 2969 305 3048 ιίσιος,
324 2984 394 3034 tum
416 2992 476 3055 pro
494 2977 528 3055 τῇ
550 2970 710 3054 γνησιὸτητι
733 2971 879 3058 epistolae
903 2969 1056 3055 Dionysii
1077 2979 1192 3032 contra
1208 2967 1265 3030 Sa·

216 3066 434 3133 mosatenum,
452 3077 491 3118 ea
504 3056 664 3140 profectu,
680 3056 763 3120 sicut
781 3056 843 3121 alia
858 3079 932 3143 quae
954 3054 994 3119 de
1009 3054 1157 3141 pluribus
1173 3054 1265 3117 rebus

214 3141 377 3228 exposuit,
392 3162 445 3204 me
459 3163 534 3204 mea
548 3141 706 3205 sententia
720 3141 882 3208 dimovere
896 3141 984 3206 haud
1001 3141 1182 3204 valuerunt.

261 3226 368 3292 Velim
389 3240 498 3291 tamen
521 3239 695 3313 reponatur
714 3227 930 3314 septemdecim
950 3249 1010 3314 pro
1032 3225 1165 3290 sedecim
1182 3222 1266 3288 Dio-

215 3313 564 3465 pysianilepiscopatus
584 3313 675 3378 annis
693 3315 726 3378 in
748 3316 813 3379 hoc
833 3314 896 3379 vol.
911 3311 1131 3401 Reliqeinrum
1146 3321 1263 3397 p.·371.

233 3447 241 3466 .
280 3423 342 3464 enu
356 3411 380 3463 t.

256 3422 431 3551 Piiactenus
447 3486 536 3551 des.
552 3485 716 3573 Dionysio
731 3484 969 3564 Alexandrin03
986 3482 1110 3571 reliqua
1126 3481 1168 3546 ad
1182 3480 1269 3568 ejus·

217 3572 294 3638 dem
316 3572 406 3637 urbis
430 3572 620 3659 episcopum
643 3575 677 3636 S.
699 3574 831 3637 Petrum
853 3584 1027 3658 martyrem
1052 3567 1267 3654 pertinebant.

217 3661 257 3723 In
282 3658 506 3745 Appendicem
530 3658 765 3746 Dionysianam
782 3681 801 3722 a
817 3660 965 3722 Romano
985 3655 1110 3720 editore
1125 3654 1267 3718 additam

217 3767 251 3832 p.
267 3759 339 3810 310.
361 3766 405 3808 ex
427 3745 540 3809 codice
563 3745 703 3831 quodam
720 3745 881 3810 Vaticano
903 3756 1033 3828 sumpta
1055 3752 1105 3805 cst
1126 3741 1160 3804 S.
1186 3737 1268 3803 Petri

215 3837 293 3918 piem
308 3830 375 3909 illa,
391 3854 490 3917 quam
506 3832 590 3895 inter
605 3833 800 3918 Fragmenta
815 3831 885 3916 ejus
899 3830 933 3894 in
951 3827 1014 3893 vol.
1032 3827 1077 3891 iii.
1092 3824 1266 3912 Reliquiur.

218 3938 252 4002 p.
273 3923 343 3981 346.
366 3939 406 3981 ex
430 3917 638 3982 Concidiomm
660 3919 766 3982 Tomo
785 3917 899 4002 quinto
914 3915 1142 4001 depromptum
1162 3908 1268 3997 posui,

219 4002 278 4067 sed
294 4002 419 4067 auctior
433 4002 465 4066 in
482 4004 556 4068 cod.
571 4005 649 4068 Vat.
664 4018 697 4069 et
714 4002 819 4089 capite
835 4017 868 4067 et
887 4003 975 4067 ealce
995 4012 1119 4064 extans.
1164 3997 1268 4082 Cujus
1296 4030 1299 4035 ·

220 4089 336 4154 titulus
351 4101 412 4169 est,
425 4094 471 4152 Τὲ
486 4090 557 4174 ἅγίιι
572 4087 672 4178 Πέτρε
687 4088 823 4153 ὲιτισκόιιε
837 4085 1049 4174 Ἀλεξανδρείας
1061 4083 1108 4164 κα)
1119 4082 1268 4170 μάρτυρος,

219 4179 253 4239 ἐκ
273 4181 309 4239 τῦ
324 4179 365 4259 ,μὴ
382 4176 576 4264 προϋπάρχον
590 4179 639 4256 τὴν
650 4177 749 4263 ψυχὴν
763 4179 800 4239 σέ
815 4175 958 4259 σώματος.
