2684 4740
365 309 601 384 aroucam
624 310 708 377 nno
732 307 947 377 onrosuu.
1111 323 1173 421 ³³¹

183 483 257 560 Jam
272 502 347 547 vero
361 481 408 548 illi
425 481 481 570 qui
499 502 539 547 ex
557 481 689 546 traduce
709 481 829 546 animas
844 460 948 546 venire
962 479 1130 559 affirmant,
1145 491 1179 544 et
1259 496 1262 516 ·

142 572 248 656 simul
259 613 334 657 cum
355 591 513 678 corporali
535 613 589 655 eas
610 591 732 656 semine
750 593 918 656 seminari:
943 592 968 655 si
982 591 1113 678 quidem
1129 594 1180 674 (ut

143 701 276 790 quidam
297 703 441 789 ipsorum
461 703 616 766 affirmare
638 702 754 785 solent)
780 724 844 766 non
865 701 952 766 aliud
978 701 1089 765 dicunt
1111 700 1179 765 ani·

143 823 231 878 mam
252 835 322 877 esse
342 816 439 900 quani
460 812 706 878 insufflationem
725 812 861 898 Spiritus
881 812 956 890 Dei,
971 812 1076 876 ⁸illam
1094 810 1181 875 scili⁴

143 927 198 992 c'et
212 948 309 1013 quam
326 927 418 990 initio
432 926 564 990 facturae
579 926 691 991 mundi
708 927 800 990 Deus
812 924 937 989 ‘dicitur
958 921 1132 986 insufflasse
1147 921 1181 986 in

145 1035 266 1116 Adam,
282 1036 322 1101 de
343 1037 411 1122 ipsa
429 1036 493 1100 Dei
511 1056 580 1099 esse
595 1033 666 1099 eam
681 1033 858 1100 substantia
871 1032 1074 1119 prolitentes:
1098 1052 1181 1117 quo*

145 1146 246 1211 modo
272 1168 336 1210 non
359 1158 393 1210 et
416 1145 469 1210 isti
491 1145 683 1210 videbuntur
706 1143 947 1232 quodammodo
972 1142 1041 1205 haec
1066 1152 1183 1227 praeter‘

142 1252 321 1342 Scriptura
346 1255 493 1342 regulam
519 1269 553 1320 et
579 1255 735 1320 rationem
765 1253 892 1339 pietatis
919 1274 1068 1328 asserere,
1095 1248 1183 1336 quod

147 1365 325 1430 substantia
338 1365 403 1429 Dei
418 1377 466 1429 est
481 1386 554 1451 quae
565 1376 688 1451 peccat,
701 1364 727 1427 ai
740 1364 846 1428 anima
862 1385 933 1450 quae
950 1363 990 1426 de
1007 1359 1184 1425 substantia

148 1474 214 1540 Dei
232 1489 292 1555 est,
309 1489 441 1562 peccat3
464 1475 595 1561 insuper
615 1475 711 1538 etiam
734 1473 822 1561 quod
842 1487 875 1536 et
896 1473 998 1557 poenia
1018 1470 1185 1535 subdenda

148 1583 192 1648 ait
204 1604 264 1670 pro
277 1585 434 1670 peccato?
473 1583 537 1647 Sed
558 1598 591 1647 et
611 1583 689 1650 illud
709 1603 743 1647 se
760 1582 859 1669 (quod
876 1580 1104 1668 perabsurdum
1121 1580 1184 1662 est)

148 1694 309 1759 incurrere
334 1715 400 1758 non
424 1692 543 1772 vident,
568 1693 644 1779 quia
669 1710 798 1757 necesse
820 1705 869 1756 est
892 1715 961 1757 eam
990 1691 1084 1755 simul
1108 1703 1185 1754 cunt

149 1818 286 1892 corpore
300 1805 394 1884 mori,
410 1816 444 1868 et
462 1824 532 1869 esse
551 1803 731 1883 mortalem,
746 1803 772 1867 si
791 1803 885 1867 simul
900 1825 974 1867 cum
990 1822 1123 1888 corpore
1138 1800 1187 1864 vel

150 1914 308 1981 seminata
327 1911 376 1980 vel
397 1917 535 1980 formata
556 1915 604 1979 vel
626 1926 700 1979 nata
721 1929 780 1979 est.
825 1904 908 1979 Tum
930 1913 1044 1977 deinde
1067 1912 1112 1977 illi
1131 1911 1188 1999 qui

151 2046 250 2090 unam
272 2025 402 2112 quidem
423 2045 463 2089 ex
484 2023 580 2089 nullis
602 2025 820 2089 substantibus
842 2044 861 2088 a
887 2025 962 2088 Deo
982 2024 1098 2086 factam
1119 2038 1189 2086 esse

152 2133 268 2200 dicunt
292 2132 445 2214 animam,
471 2134 504 2199 id
530 2148 591 2212 est,
619 2134 707 2198 illam
736 2157 808 2220 quae
838 2134 941 2219 prima
967 2135 1051 2197 facta
1080 2143 1129 2196 est
1154 2131 1188 2195 in

152 2242 274 2323 Adam,
288 2256 322 2308 et
343 2264 383 2308 ex
403 2264 442 2307 ea
459 2244 528 2331 jam
548 2243 693 2308 omnium
718 2243 883 2307 hominum
905 2244 1026 2307 animas
1045 2242 1203 2321 existere,

152 2368 190 2420 et
207 2354 386 2420 secundum
405 2355 605 2441 corporalem
627 2354 694 2418 sine
709 2355 809 2419 dubio
829 2355 1062 2418 successionem
1081 2351 1190 2417 tradu*

153 2462 226 2529 cem
240 2485 369 2552 quoque
390 2462 458 2528 fieri
478 2463 668 2543 animarum,
683 2465 779 2528 etiam
801 2464 859 2549 ipsi
876 2464 952 2550 quid
976 2464 1060 2528 aliud
1081 2475 1191 2528 osten·

156 2571 252 2651 dunt,
266 2572 327 2635 uisi
342 2569 464 2636 animas
479 2592 547 2635 esse
562 2568 734 2635 mortalesl
772 2573 806 2635 Si
828 2573 912 2635 enim
936 2573 1019 2636 sicut
1043 2571 1192 2636 animalia

155 2695 270 2748 eaetera
292 2703 331 2745 ex
355 2680 426 2744 solo
448 2679 568 2744 semine
591 2680 749 2758 oriuntur,
764 2681 808 2744 ita
830 2681 923 2744 etiam
945 2680 985 2744 de
1007 2681 1192 2746 hominibus

155 2791 342 2869 sentiamus,
359 2803 395 2855 ut
414 2812 489 2855 cum
511 2811 647 2876 corpore
664 2789 761 2854 simul
779 2791 810 2854 in
829 2789 942 2853 eodem
959 2792 1079 2856 semiue
1094 2792 1199 2856 etiam

157 2901 484 2987 anima'diffundatur,
500 2898 577 2987 quid
598 2900 734 2965 dicimus
747 2899 787 2964 de
803 2900 852 2964 his
867 2902 922 2987 qui
942 2901 1123 2987 imperfecti
1137 2900 1193 2966 ad-

158 3007 224 3075 huc
244 3012 278 3074 'et
301 3011 342 3074 de
360 3022 469 3074 ventre
489 3007 595 3074 aborsi
616 3023 700 3088 sunt,
718 3022 753 3074 et
771 3011 826 3097 qui
847 3033 1074 3098 nonnunquam
1096 3012 1194 3076 etiam

158 3117 330 3208 autequam
346 3121 546 3184 vasculorum
568 3119 760 3184 naturalium
777 3121 984 3205 receptaculis
999 3121 1119 3184 semina
1133 3121 1197 3185 sint

159 3244 322 3316 suscepta,
347 3229 543 3316 depereunt?
583 3231 621 3293 ln
644 3228 760 3316 quibus
785 3231 851 3294 sine
874 3231 973 3295 dubio
1000 3233 1195 3312 invenietur3

161 3339 251 3426 quod
266 3339 361 3403 simul
376 3339 473 3403 etiam
488 3338 553 3402 illae
568 3362 640 3425 quae
661 3340 796 3404 naturali
814 3342 935 3405 ratione
956 3342 1130 3406 seminibus
1145 3343 1196 3406 ina

161 3453 257 3513 aertae
278 3447 403 3512 inerant
424 3448 550 3526 animae,
572 3447 720 3512 extinctae
746 3450 809 3512 sint
833 3451 949 3535 pariter
971 3463 1004 3513 et
1025 3464 1197 3538 corruptae.

162 3557 236 3622 Sive
255 3579 335 3644 ergo
354 3580 394 3623 ex
414 3557 627 3639 insufflatione
645 3559 710 3622 Dei
730 3559 804 3638 sint,
821 3561 884 3623 sive
904 3560 944 3623 ab
967 3582 1029 3624 una
1050 3556 1104 3625 illa
1126 3579 1199 3648 quae

164 3666 269 3753 prima
289 3669 374 3733 facta
394 3681 444 3733 est
455 3692 465 3748 3
496 3667 675 3732 necessario
697 3668 793 3732 simul
816 3689 891 3732 cum
913 3671 1099 3756 corporibus
1126 3690 1199 3736 cor·

164 3785 364 3864 rumpentur,
384 3777 412 3842 ai
434 3775 580 3841 eamdem
603 3798 678 3840 curu
697 3777 892 3863 corporibus
918 3778 1014 3843 etiam
1040 3779 1199 3866 originem

166 3895 298 3953 sumunt
324 3887 502 3952 secundum
528 3885 669 3972 ipsorum
696 3885 863 3952 rationem.
908 3889 978 3952 Aut
1004 3888 1090 3953 enim
1120 3886 1200 3952 nihil

607 4141 617 4164 ⁸
632 4128 731 4190 Genrii.
744 4137 767 4185 7.
