2684 4740
406 322 739 406 arcuarius.
1033 333 1092 404 127

44 491 199 559 Manetem
215 500 245 556 in
260 515 373 556 carcere
387 499 525 575 positum,
540 494 695 572 discipulos
714 512 781 551 suos
800 493 911 549 misisse
926 494 964 550 cd
979 494 1049 560 loco,
1063 495 1094 549 iu

48 582 147 656 quibas
161 580 377 638 Christianorum
397 580 461 636 libri
480 577 722 642 conscribebantur,
740 575 847 650 eisque,
863 574 1094 630 Christianorum

49 680 82 719 se
103 662 228 718 nuncios
249 679 310 717 esse
325 658 538 723 simulantibus,
554 675 700 713 sacrorum
715 655 847 712 codicum
860 655 973 731 copiam
986 653 1095 711 factam

50 741 152 799 fuisse.
186 742 227 796 At
238 741 267 797 id
282 740 336 796 sub
350 739 484 796 Ethnicis
498 747 611 794 tantum
625 735 852 813 Imperatoribus
866 735 961 791 facere
976 743 1095 813 oporte·

51 821 116 888 hat,
141 840 264 897 quornm
285 819 464 896 temporibus
490 817 696 876 Christifideles
720 835 831 872 summa
851 816 991 890 religione
1013 834 1096 873 cura-

51 901 138 968 bant,
153 920 191 958 ne
205 909 395 959 sacrosanctas
413 900 485 976 legis
505 898 572 955 libri
590 899 625 955 ad
643 897 835 954 Ethnicorum
850 911 951 952 manue
965 896 1097 973 perveni·

52 993 132 1051 rent,
148 1000 181 1038 ac
202 992 355 1058 propterea
369 985 435 1037 'non
457 980 573 1054 ubique,
596 978 646 1035 sed
666 977 751 1034 certis
772 976 941 1051 quibusdam
962 978 993 1033 in
1014 975 1098 1046 locis,

55 1063 138 1120 Secri
153 1063 266 1119 codices
281 1061 365 1118 vendi
380 1070 598 1118 consueverant.
641 1057 834 1133 Corrigendus
854 1068 950 1114 autem
966 1056 1096 1134 Epipha-

24 1184 29 1190 -
55 1144 134 1212 nius,
149 1143 244 1218 quiin
258 1141 488 1198 Manichaeorum
505 1141 607 1196 heresi
622 1158 684 1215 cap.
699 1157 726 1196 v.
742 1138 793 1205 ait,
807 1135 956 1194 Manetem
970 1138 1097 1216 discipu-

54 1221 102 1280 los
114 1240 184 1279 suos
205 1222 242 1282 ad
261 1221 446 1298 inquirendos
464 1221 567 1278 Sacros
580 1219 669 1277 libros
684 1219 806 1284 misisse,
821 1226 975 1294 antequam
988 1219 1019 1276 in
1033 1238 1098 1276 car-

57 1321 154 1360 cerem
167 1303 349 1372 truderetur3
373 1302 489 1358 namin
510 1320 579 1357 mox
600 1299 717 1356 laudato
737 1297 873 1355 Archelai
895 1299 1099 1376 disputationis

57 1383 124 1440 loco
139 1383 246 1440 diserte
264 1383 379 1449 dicitur,
394 1381 423 1439 id
441 1401 459 1439 a
476 1381 596 1439 Manete
613 1378 723 1436 factum
737 1379 836 1446 fuisse,
851 1397 910 1455 quo
923 1389 1053 1458 tempore
1067 1382 1100 1439 in

58 1481 173 1521 carcere
186 1463 377 1522 detinebatur.

96 1543 164 1600 Nec
186 1564 222 1601 ex
240 1543 328 1600 sacris
346 1546 558 1614 tantummodo,
573 1564 672 1602 verum
690 1545 776 1603 etiam
797 1565 832 1602 ex
852 1544 1019 1622 prophanis,
1035 1545 1100 1618 qui·

59 1624 180 1681 busdam
200 1624 296 1691 rebus,
311 1644 431 1700 quarum
445 1626 476 1682 in
490 1627 569 1681 hisce
587 1627 658 1682 actis
677 1626 787 1682 mentio
801 1625 845 1692 fit,
860 1625 1015 1681 eorundem
1029 1625 1100 1681 fides

61 1705 227 1762 adstruitur.
269 1705 304 1760 ln
326 1706 361 1760 iis
383 1706 488 1783 quippe
508 1705 629 1780 legimus
649 1705 811 1774 Menatem,
833 1723 898 1760 curn
920 1724 938 1760 a
959 1703 1103 1762 Marcello

60 1783 152 1843 literis
166 1786 276 1841 accitus
290 1785 394 1842 Carras
410 1787 498 1852 venit,
512 1785 648 1842 baculum
667 1804 702 1842 ex
724 1784 817 1842 ebeno
836 1787 866 1840 in
886 1783 1018 1841 manibus
1035 1804 1103 1861 ges.

61 1874 148 1931 tasse,
169 1866 248 1940 quod
269 1865 305 1922 ab
326 1864 491 1942 Alytarchis
515 1865 680 1923 factitatum
703 1865 773 1922 olim
796 1865 885 1923 fuisse
906 1872 1030 1922 testatur
1052 1865 1102 1926 Jo.

61 1944 184 2002 Maleles
201 1945 231 2001 in
247 1945 393 2003 Chronico
407 1964 506 2003 recens
524 1947 553 2002 in
568 1944 677 2020 Anglia
694 1946 773 2002 edito
792 1965 858 2024 pag.
872 1946 942 2007 376.
958 1945 1102 2004 Calisthe·

62 2043 111 2083 nes
121 2043 240 2101 quoque
253 2027 365 2103 spurius
379 2027 503 2104 scriptor
517 2046 534 2083 a
547 2026 727 2083 Doctissimo
741 2025 896 2102 Ducangio
910 2029 940 2083 in
953 2026 1103 2085 Glossario

63 2105 163 2163 mediae
177 2117 208 2163 et
221 2106 327 2164 intima
344 2108 500 2182 graecitatis
518 2107 662 2174 laudatus,
677 2106 766 2177 verbo
785 2104 935 2176 ’Bembina
950 2108 985 2165 de
1000 2108 1102 2166 Psam-

63 2187 191 2244 meticho
205 2188 246 2242 ita
259 2186 370 2255 scribit,
384 2186 440 2245 Kal
457 2192 549 2252 ἰςολῖοι
562 2189 652 2246 iccoris
665 2186 737 2251 robiis
750 2187 893 2267 προφήτου,
904 2193 1023 2264 corrixari
1039 2194 1061 2247 ir
1071 2189 1107 2270 τῇ

63 2265 129 2347 >oui
148 2270 221 2326 ciri
239 2265 330 2346 §eicior
351 2265 486 2336 ἰῢιλλίοηο,
502 2267 552 2324 ubi
565 2267 694 2344 AEsopus
709 2266 836 2344 ejusdem
856 2267 1040 2326 Callisthenis
1058 2271 1106 2340 in·¹

64 2357 186 2424 terpres,
200 2348 249 2422 qui
264 2349 422 2404 versionem
437 2367 518 2405 suam
533 2349 707 2405 Constantio
723 2348 909 2406 Constantini
927 2348 1031 2424 Magni
1044 2350 1106 2408 lilio

65 2426 181 2494 dicavit,
204 2427 279 2484 male
299 2427 459 2485 Tamarisci
479 2429 588 2503 virgam
609 2429 695 2485 vertit
706 2453 715 2499 3
743 2429 818 2485 unde
839 2438 919 2505 patet
939 2429 1108 2508 hujusmodi

65 2504 169 2564 baculo
191 2525 241 2562 eos
261 2509 303 2564 uti
322 2510 516 2575 consuevisse,
530 2510 579 2584 qui
593 2507 709 2586 publica
722 2509 818 2584 aliqua
832 2510 972 2584 dignitate
987 2510 1105 2570 decora·

65 2585 182 2653 bantur,
196 2587 302 2663 quique
315 2588 453 2646 doctrinae
473 2588 586 2645 laudem
604 2587 788 2646 affectabant.
829 2589 977 2645 incessum
992 2609 1106 2667 quoque
1211 2604 1214 2609 ’

65 2666 293 2745 Imperatorum,
303 2668 370 2724 dum
388 2668 503 2744 publice
524 2687 589 2725 cnm
608 2668 831 2746 protectoribus,
849 2670 950 2744 signis,
972 2670 1105 2727 draconi·

64 2745 131 2816 bus,
150 2746 269 2816 labaris,
284 2748 415 2816 ducibus,
434 2749 624 2827 principibus,
646 2760 675 2805 et
695 2749 838 2826 praefectis
862 2748 960 2806 urbem
981 2750 1107 2827 aliquam

65 2827 296 2902 ingrederentur,
310 2838 411 2885 exacte
424 2829 561 2885 describit
574 2849 636 2906 cap.
651 2832 759 2888 xxxvii.
801 2828 935 2906 Denique
953 2831 988 2887 de
1010 2832 1107 2889 multi·

66 2907 134 2988 plici
150 2905 323 2982 sigillorum,
337 2918 367 2965 et
387 2909 509 2966 clavium
528 2928 581 2966 usu
600 2910 675 2986 apud
694 2921 803 2966 veteres
826 2931 884 2967 non
906 2930 998 2988 pauca
1018 2913 1108 2969 tradit

67 3007 131 3066 cap.
146 2989 204 3055 xis.
218 2998 249 3043 et
262 2989 339 3050 xxvi.
354 2989 457 3063 quibus
472 2989 577 3046 similia
589 3008 705 3065 prorsus
722 2991 752 3046 in
765 2990 957 3048 Ethnicorum
977 2992 1111 3071 Scripta-⁴

66 3083 131 3124 rum
152 3069 346 3125 monumentis
366 3078 531 3136 occurrunt,
546 3079 578 3126 ut
597 3070 627 3124 in
648 3071 754 3126 nostris
774 3072 810 3127 ad
828 3090 863 3127 ea
880 3073 957 3127 notis
978 3074 1107 3130 ostendis

65 3166 141 3208 mus.
183 3147 230 3205 Ex
243 3149 346 3224 quibus
360 3150 493 3209 omnibus
508 3151 576 3209 satis
591 3167 733 3227 superque
747 3151 960 3210 demonstratur
972 3163 1038 3209 actu
1050 3155 1108 3212 iste

67 3229 206 3304 genuina,
219 3238 248 3286 et
258 3231 457 3306 antiquissima
471 3248 544 3299 esse,
555 3249 609 3289 nec
624 3249 723 3287 eorum
738 3229 822 3289 fidem
835 3231 894 3288 nlla
907 3251 943 3291 ex
957 3241 1039 3312 parte
1051 3252 1108 3296 nu·

67 3320 141 3370 iate.

108 3389 188 3448 Illud
207 3401 305 3450 tamen
326 3392 505 3451 dissimulare
525 3412 584 3451 non
605 3404 723 3473 possum
745 3404 810 3452 acta
830 3396 886 3451 ista
904 3394 1109 3472 disputationis
1154 3397 1158 3403 ’

68 3470 205 3531 Archelai
219 3491 284 3528 cum
298 3472 428 3540 Manete,
445 3493 507 3550 quae
522 3494 558 3532 ex
572 3474 715 3533 Vaticano
730 3476 894 3532 casinensis
914 3477 1020 3532 codicis
1037 3497 1107 3557 apo·

69 3552 183 3629 grapho
195 3553 280 3630 primi
294 3555 414 3622 edimus,
429 3555 543 3630 integra
555 3574 736 3632 nequaquam
749 3556 848 3624 videri,
867 3556 916 3612 sed
935 3557 1063 3633 pluribus
1077 3560 1108 3616 in

69 3630 175 3695 locist
187 3633 276 3690 veteri
290 3633 408 3690 librario
423 3635 563 3693 mutilata.
598 3637 743 3710 Siquidem
760 3636 882 3711 Cyrillus
897 3633 1110 3714 Hierosolymi-

69 3720 155 3770 tanur
176 3713 208 3771 iu
228 3713 380 3775 catechesi
395 3715 433 3772 vi.
454 3733 520 3791 pag.
541 3716 613 3773 mihi
637 3716 702 3777 147.
724 3717 854 3791 quaedam
873 3716 1001 3773 Manetis
1023 3737 1108 3794 argu·

69 3801 170 3849 menta
182 3812 248 3851 cum
262 3793 398 3855 Archelai
416 3796 650 3873 responsionibus
670 3797 782 3863 recitat,
796 3815 859 3872 quae
878 3798 908 3852 in
926 3808 1027 3854 nostra
1047 3799 1107 3855 edi-

68 3872 153 3928 tione
170 3888 232 3930 non
249 3875 450 3951 reperiuntur3
473 3894 527 3933 uec
541 3877 597 3932 dici
611 3895 695 3952 posse
708 3877 829 3943 videtur,
845 3875 984 3952 Cyrillnm
998 3879 1110 3936 Arche·

69 3951 110 4031 lai
123 3951 267 4013 dictorum
282 3973 408 4022 sensum,
421 3974 481 4016 nou
494 3975 562 4011 vero
576 3957 698 4032 ipsamet
709 3956 844 4013 Archelai
862 3956 949 4014 verba
967 3957 1109 4027 laudasse,

69 4050 139 4089 cum
157 4032 251 4090 simile
270 4034 338 4111 quid
359 4035 416 4092 iam
437 4037 468 4095 in
489 4035 569 4091 nullo
586 4044 692 4092 nostrae
711 4037 845 4093 editionis
858 4036 925 4094 loco
938 4035 1061 4112 legatur,
1076 4056 1111 4094 ac

69 4120 211 4188 praterea
224 4114 311 4173 verba
328 4053 389 4181 illa,
402 4133 465 4191 quae
480 4115 603 4191 Cyrillus
621 4114 719 4184 refert,
733 4118 775 4173 ita
789 4127 928 4195 concepta
946 4118 1004 4172 sint
1023 4125 1055 4172 ut
1072 4116 1110 4174 ab

69 4194 196 4278 ipsomet
210 4192 355 4276 Archelao
370 4193 484 4273 prolata
503 4194 591 4277 fnisse
610 4195 769 4256 videantur.
810 4193 867 4254 Sed
887 4207 916 4254 et
936 4194 1111 4276 conjectures
