2684 4740
231 356 233 360 ·
339 322 486 397 cssrn
506 321 638 392 Aron
657 295 979 391 zsuorrr'uuu.
1118 339 1178 410 ιο,

146 511 206 578 snt,
218 506 255 563 et
274 495 384 561 remisi
398 496 475 576 tibi,
492 494 568 582 quia
585 496 678 561 Deus
693 495 779 560 videt
792 507 917 559 mentes
931 492 1100 557 hominum
1115 498 1135 538 *¹
1150 508 1184 560 et

146 628 267 686 eorum,
284 607 382 672 eirea
397 619 430 670 te
447 605 488 671 ad
508 605 581 670 illos
600 605 774 692 perductus
790 627 875 684 sum,
891 604 948 667 sed
963 604 1056 668 Deus
1070 625 1129 668 nos
1144 603 1185 671 li-

144 717 282 796 berarit,
297 728 331 781 et
352 728 461 781 tecum
486 715 653 780 servimus.
697 717 799 801 Ergo,
825 714 921 779 sicuti
945 713 1115 778 dimissum
1136 727 1186 779 est

136 827 251 906 nobis,
275 838 309 891 et
331 847 389 890 vos
412 824 661 889 reconciliamini
684 826 768 910 paci,
792 836 830 888 ut
854 825 887 889 in
911 824 1041 888 nomine
1064 823 1186 890 Christi

144 935 306 1023 possimus
319 957 395 1000 curn
407 934 529 1020 gaudio
541 947 678 1020 npacern
691 935 862 999 celebrare.
885 935 996 997 Nemo
1010 932 1122 998 sciat.'’
1136 979 1144 998 .
1157 979 1186 999 ..

144 1045 343 1110 “Fratribus
357 1055 392 1107 et
410 1043 493 1123 liliis,
507 1044 596 1107 clero
611 1054 644 1106 et
662 1043 852 1121 senioribus,
867 1042 973 1106 Fortis
989 1041 1021 1107 in
1042 1042 1188 1108 Domino

143 1167 299 1224 eternam
320 1152 469 1219 salutem.
505 1152 605 1215 Venit
625 1152 667 1217 ad
684 1174 737 1216 me
751 1151 835 1216 filius
853 1173 944 1216 meus
965 1149 1188 1216 Nundinarius

146 1265 305 1331 diaconus
315 1277 428 1344 vester,
442 1278 477 1328 et
490 1264 602 1329 retulit
613 1266 653 1329 de
666 1277 730 1329 0ea
743 1289 815 1353 quae
830 1279 942 1331 contra
954 1287 1010 1330 vos
1025 1275 1100 1329 sunt
1112 1257 1187 1351 'ges-

144 1387 194 1453 ta;
212 1393 341 1437 necnon
352 1372 465 1458 utique
477 1393 497 1436 a
509 1373 599 1436 vobis
611 1373 725 1438 debuit
736 1376 901 1460 componi,
914 1397 954 1438 ne
965 1386 1095 1439 ventum
1106 1386 1190 1440 esset

144 1498 183 1551 ut
202 1484 301 1551 talem
320 1484 475 1549 insaniam
494 1486 591 1572 passi,
605 1499 621 1546 Ρ
633 1507 652 1551 a
666 1487 782 1572 quibus
803 1487 1020 1573 lapidarentur
1033 1508 1093 1572 pro
1108 1486 1188 1551 veri-

146 1606 225 1674 tate,
239 1593 329 1681 quod
343 1606 379 1659 et
392 1616 448 1659 vos
467 1608 501 1659 et
522 1617 582 1660 nos
601 1597 733 1676 scimus,
748 1597 844 1660 sicuti
864 1594 958 1662 nobis
976 1595 1142 1675 retulistis,
1157 1610 1191 1660 et

143 1705 303 1790 scriptum
328 1715 399 1768 est:
426 1704 528 1768 ‘lNon
552 1716 599 1770 est
623 1705 745 1791 sapiens
768 1706 934 1793 quisquam
959 1705 1040 1769 inter
1061 1724 1113 1768 uos
1135 1703 1191 1791 qui

143 1813 244 1898 possit
248 1812 396 1897 judicare
410 1811 493 1877 inter
501 1813 657 1899 fratres?
671 1815 725 1879 sed
731 1814 845 1900 freter
858 1836 928 1879 cum
936 1813 1051 1899 fratre.
1061 1811 1191 1897 jadice-

147 1931 215 2000 tur,
228 1929 259 1986 et
274 1920 330 1986 too
345 1921 430 2005 opud
445 1920 583 2006 infideles
596 1949 606 1984 .·
634 1922 729 1988 sicuti
744 1947 811 2004 vos,
827 1947 902 1989 cum
920 1923 953 1987 in
971 1922 1097 2010 judicio
1112 1943 1191 1987 con»

144 2030 291 2096 tenditis.
336 2029 390 2094 Sic
404 2029 446 2094 ad
462 2029 526 2094 boc
541 2030 686 2096 exilitum
703 2045 754 2097 est
775 2044 815 2096 ut
833 2032 985 2118 gentibus
999 2020 1114 2096 demus
1129 2031 1193 2096 tale

142 2141 345 2226 exemplum,
361 2140 469 2226 utqui
488 2162 545 2226 per
565 2163 626 2205 nos
640 2142 715 2206 Deo
730 2141 914 2220 credebant,
928 2140 989 2228 ipsi
1009 2141 1103 2206 nobis
1122 2163 1192 2206 ma·

145 2249 303 2329 ledicant,
318 2271 395 2314 cum
411 2248 452 2314 ad
467 2250 632 2336 publicum
649 2252 872 2337 pervenimus?
903 2253 1005 2337 Ergo,
1019 2272 1060 2315 ne
1075 2249 1195 2316 adhoc

147 2358 305 2438 veniatur,
320 2378 395 2436 vos;
405 2359 462 2444 qni
480 2358 639 2446 spiritales
656 2360 745 2438 estis,
759 2360 858 2424 facite
878 2369 914 2423 ut
933 2380 1029 2424 nemo
1049 2359 1144 2437 sciat,
1157 2371 1195 2425 ut

146 2472 227 2532 cum
237 2488 318 2553 pace
330 2466 453 2531 Pascha
464 2468 681 2548 celebremus3
696 2481 730 2533 et
742 2466 916 2533 hortemini
927 2488 984 2532 eos
995 2468 1068 2552 paci
1080 2487 1194 2532 recon-

147 2576 263 2655 ciliari,
278 2589 312 2640 et
332 2576 487 2640 dissensio
508 2599 573 2641 non
596 2577 650 2655 sit,
667 2599 707 2640 ne
727 2598 804 2640 eum
822 2575 863 2640 ad
882 2574 1046 2661 publicum
1062 2585 1194 2639 ventum

146 2686 261 2763 fucrit,
275 2685 433 2772 incipiatis
452 2697 486 2750 et
503 2707 559 2750 ros
580 2685 765 2773 periclitari,
780 2683 806 2749 si
823 2684 887 2747 hoc
901 2684 988 2748 factu
1038 2683 1146 2762 fuerit,
1161 2694 1196 2762 et

149 2805 267 2883 poetes
280 2792 373 2857 vobis
387 2793 566 2879 imputetis.
604 2793 735 2858 Dabitis
749 2704 1057 2880 quamplurimo&
1068 2810 1196 2879 posses·

149 2924 207 2967 ror
223 2901 349 2968 Donati
368 2903 547 2988 presbyter,
563 2902 682 2988 singuli
696 2901 806 2968 Valeri
822 2914 855 2966 et
870 2901 995 2982 Victor,
1009 2902 1066 2990 qui
1086 2900 1196 2968 omnia

150 3010 253 3090 scitis,
267 3022 413 3076 actutum
431 3011 507 3076 date
524 3032 657 3097 operam
673 3024 710 3076 ut
724 3033 787 3097 pax
803 3011 848 3076 sit
866 3011 1072 3076 vobiscum.’'
1108 3013 1195 3077 Item

147 3118 215 3184 alia
227 3119 371 3184 recitata.
396 3119 532 3184 “Fratri
548 3119 676 3186 Silvano
688 3121 823 3185 Sabinus
838 3121 871 3186 in
886 3121 1031 3187 Domino
1042 3133 1196 3187 aternam

149 3228 304 3293 salutem.
347 3230 492 3294 Pervenit
516 3231 558 3294 ad
584 3251 643 3296 nos
667 3231 889 3296 Nundinarius
914 3230 997 3295 filius
1019 3243 1106 3309 tuus,
1130 3251 1194 3297 nou

151 3349 278 3402 tautum
295 3337 337 3402 ad
351 3356 416 3419 me,
432 3339 489 3404 sed
506 3353 540 3406 et
556 3341 597 3405 ad
612 3341 744 3406 fratrem
760 3353 904 3406 nostrum
921 3342 1063 3419 Fortem,
1078 3340 1196 3405 fortem

145 3458 187 3510 et
201 3467 332 3531 gravem
347 3447 513 3533 querelam
528 3450 676 3514 referens.
721 3449 827 3514 Miror
843 3448 992 3536 gravitati
1009 3462 1090 3528 tuae,
1103 3448 1150 3515 sic
1163 3460 1198 3515 te

150 3554 263 3640 egisse
282 3577 357 3618 eum
384 3556 450 3620 filio
476 3570 545 3636 tuo,
569 3579 666 3645 quem
690 3570 727 3623 tu
751 3559 880 3623 nutristi
903 3570 937 3623 et
958 3557 1124 3623 ordinasti.
1162 3555 1197 3623 Si

150 3663 242 3728 enim
263 3663 436 3728 aedilicium
457 3679 551 3730 terrae
571 3679 729 3732 structum
746 3668 799 3746 sit,
816 3689 881 3731 non
895 3666 1024 3732 additur
1036 3665 1114 3752 quid
1128 3686 1196 3731 coe·

151 3771 247 3852 leste,
265 3773 356 3860 quod
378 3794 434 3859 per
458 3796 591 3839 manum
616 3777 792 3842 sacerdotis
816 3777 1000 3841 edificatur.
1045 3775 1110 3840 Sed
1131 3797 1197 3841 non

145 3893 206 3946 est
219 3881 283 3945 tibi
292 3881 488 3963 mirandum,
504 3883 669 3970 Scriptura
682 3885 830 3951 dicente:
844 3899 856 3932 ⁸
868 3885 1002 3950 Perdam
1012 3883 1198 3970 sapientiem

187 4089 202 4116 ¹¹
210 4084 263 4150 sor.
280 4089 381 4150 pascha,
398 4099 425 4137 ut
441 4087 514 4152 infra,
532 4088 618 4137 Baluz.
720 4102 732 4125 ⁰
742 4091 794 4154 for.
811 4091 853 4140 eis.
943 4071 1022 4154 rfir.
1043 4106 1058 4138 a
1076 4089 1196 4151 gentibus.

150 4175 195 4247 ft!
206 4162 298 4216 Cer-ri.
308 4180 332 4225 5,
343 4177 366 4218 6.
448 4174 458 4201 ¹
466 4170 521 4233 sor,
530 4180 557 4218 tu
568 4171 653 4233 possis,
665 4186 680 4220 o
691 4170 777 4232 Dono,
789 4171 839 4221 vid.
851 4170 915 4235 ὄψα
926 4186 950 4234 p.
961 4183 1016 4222 110.
1026 4179 1052 4218 et
1061 4170 1197 4234 bispostem

151 4257 163 4282 ·
178 4257 191 4296 1
203 4246 287 4308 cerri.
298 4259 337 4299 19.
911 4285 913 4288 <
1155 4281 1157 4285 ι
