2684 4740
247 325 288 389 68
491 322 761 391 CONCILIUM
784 326 1041 393 ROMANUM.

292 513 365 571 Haec
386 514 576 588 Augustinus,
598 517 647 591 qui
668 516 763 591 pergit
784 515 900 583 referre,
919 517 1048 573 uoluisse
1067 508 1130 573 tum
1151 515 1294 593 tempori!

253 594 423 653 Donatistas
438 596 468 650 in
483 593 637 653 collatione
653 596 835 673 Carthaginis
854 596 955 654 habita
969 596 1140 664 auscultare,
1154 616 1223 653 cum
1234 616 1293 655 cae-

254 677 343 753 pisset
362 676 474 731 recitari
492 675 559 750 quid
576 675 633 733 alio
650 677 695 732 die
709 687 821 752 gestum
835 678 884 745 sit,
899 678 953 733 hoc
969 687 1022 744 est,
1041 676 1184 735 absolutio
1199 678 1295 734 caeci-

253 757 322 813 liani
333 780 341 827 3
366 755 523 812 Catholicis
543 756 804 814 contradicentibus
821 775 880 813 non
900 758 1004 822 debere
1024 758 1193 834 interrumpi
1215 758 1295 833 qnod

253 837 312 912 legi
328 835 392 913 jam
408 845 545 914 coeperat,
564 838 656 894 donec
674 836 800 913 ejusdem
817 836 920 914 judicii
940 839 1038 895 omnia
1060 846 1142 913 gesta
1154 840 1296 895 termium

255 928 363 974 rentur.
405 917 511 973 Postea
525 937 602 983 vero,
618 928 649 975 ut
663 919 758 974 ridere
772 929 815 974 est
829 920 858 973 in
873 938 935 994 cap.
950 919 995 979 17.
1016 920 1103 995 gestis
1120 919 1232 975 caeteris
1248 938 1296 977 re·

255 999 361 1064 citatis,
373 999 505 1075 apparuit
519 1000 647 1055 omnium
658 1001 707 1074 qui
722 1009 792 1054 tunc
807 999 995 1055 consederant
1009 1001 1210 1075 episcoporum
1226 1018 1294 1055 serr·

254 1079 352 1135 tentiis
367 1090 396 1135 et
410 1080 498 1156 ipsius
511 1079 693 1146 Melchiadis‚
708 1078 891 1135 Caecilianum
910 1077 1073 1136 absolutum
1087 1090 1173 1154 atque
1187 1098 1296 1156 purga·

256 1171 329 1225 tum,
354 1158 504 1215 Donatum
528 1179 595 1216 vero
621 1159 797 1226 damnatum,
817 1161 866 1235 qui
890 1178 1013 1237 praesens
1035 1161 1064 1215 in
1085 1161 1176 1235 priora
1198 1158 1296 1216 fuerat

255 1235 368 1296 actione
383 1240 540 1297 convictus.
582 1241 638 1296 Sed
657 1252 685 1296 et
704 1241 732 1296 iu
753 1241 876 1314 Epistola
889 1259 940 1296 sua
954 1243 991 1296 ad
1008 1241 1132 1297 Gloriam
1147 1240 1199 1297 tire.
1214 1258 1294 1313 nutu.

255 1319 326 1377 xiiii.
341 1318 408 1375 olim
427 1320 493 1385 162,
509 1339 590 1398 capp.
606 1321 651 1377 15.
664 1330 692 1376 et
707 1320 750 1379 16.
764 1322 798 1377 de
813 1318 939 1396 ejusdem
954 1319 1078 1379 Concilii
1093 1318 1221 1376 Romani
1234 1319 1295 1375 Ac-

254 1403 292 1457 tis
307 1400 368 1456 haec
383 1400 490 1456 addidit
504 1402 533 1457 S.
547 1402 725 1477 Augustinus
738 1424 745 1458 r

243 1550 249 1557 ·
299 1523 435 1587 Potestis
454 1522 538 1586 enim
558 1544 616 1608 pro
637 1533 739 1587 vestra
753 1522 923 1622 prudentia
940 1535 973 1588 et
990 1521 1118 1588 illorum
1138 1519 1295 1608 perversi-

254 1620 352 1672 tatem
370 1608 435 1672 illic
451 1608 627 1685 attendere,
644 1619 678 1671 et
696 1608 846 1694 judrcum
860 1611 1062 1696 gravitatem,
1079 1606 1293 1694 quemadmo-

254 1693 334 1757 dum
350 1693 389 1756 ad
404 1706 580 1757 extremum
598 1694 782 1779 persuaderi
796 1717 861 1759 non
876 1707 1018 1780 possent,
1033 1707 1067 1759 ut
1080 1715 1099 1757 a
1111 1693 1206 1778 plebe
1221 1713 1294 1778 par·

245 1779 295 1842 ¹tis
311 1778 477 1864 Majorini,
491 1802 563 1864 quae
580 1793 697 1842 certam
715 1802 883 1864 personam
902 1803 966 1843 non
980 1779 1130 1856 habebat,
1143 1798 1296 1863 arguere·

253 1877 308 1928 tur
325 1862 536 1940 Caecilianus;
559 1878 592 1927 et
612 1864 756 1949 requisiti
776 1866 817 1942 ab
837 1866 882 1928 eis
899 1876 1006 1928 essent
1024 1863 1071 1927 vel
1092 1876 1295 1937 accusatores

253 1948 303 2011 vel
326 1961 423 2011 testes
445 1948 494 2011 vel
512 1970 644 2035 quoquo
665 1949 765 2012 modo
786 1971 907 2013 caussae
928 1948 1107 2025 necessarii,
1124 1948 1180 2033 qui
1198 1945 1293 2011 simul

255 2055 331 2098 cum
348 2034 393 2096 cis
407 2055 446 2096 ex
460 2034 571 2097 Africa
591 2048 754 2112 venerant,
769 2049 802 2099 et
821 2057 878 2098 eos
899 2047 1071 2120 praesentes
1086 2032 1185 2096 luisse
1200 2044 1294 2117 atque

160 2135 163 2141 ’
255 2120 421 2183 aDouato
438 2119 618 2182 subtractos
632 2141 701 2182 esse
717 2119 887 2183 diceretur.
916 2119 1064 2183 Promisit
1077 2118 1162 2181 idem
1178 2116 1293 2183 Dona-

254 2220 307 2268 tus
323 2203 410 2289 quod
425 2225 480 2267 cos
495 2217 579 2268 esset
594 2205 812 2268 exhibiturus:
835 2205 922 2290 quod
939 2226 1013 2267 cum
1030 2225 1095 2269 nou
1111 2200 1224 2279 semel,
1239 2200 1296 2266 sed

255 2289 372 2374 saepius
394 2289 604 2374 promisisset,
627 2290 764 2374 amplius
790 2289 831 2353 ad
854 2289 933 2355 illud
956 2288 1118 2377 judicium
1142 2286 1294 2352 accedere

255 2375 381 2452 noluit3
405 2375 460 2438 ubi
476 2374 545 2462 jaus
568 2387 636 2436 erat
656 2387 745 2437 tanta
764 2376 939 2452 coufessus,
956 2389 992 2438 ut
1011 2373 1088 2437 nihil
1103 2371 1190 2436 aliud
1205 2370 1293 2434 dein·

255 2481 329 2546 ceps
346 2481 410 2522 non
424 2458 619 2536 accedendo,
632 2459 690 2522 nisi
707 2479 846 2543 praesens
862 2459 1003 2522 damnari
1019 2458 1158 2522 noluisse
1174 2456 1294 2520 uidere·

254 2559 317 2623 tur,
333 2567 407 2608 curn
423 2557 531 2609 tamen
548 2566 587 2607 ea
601 2567 673 2630 quae
689 2543 871 2608 damnanda
885 2557 1002 2622 essent,
1015 2565 1054 2606 eo
1069 2553 1230 2628 praesente
1244 2553 1293 2617 at·

255 2652 317 2716 que
341 2630 540 2716 interrogata
569 2630 812 2714 (interrogante,
840 2628 910 2710 atii)
938 2629 1143 2693 manifestata
1165 2626 1293 2690 fuerint.

254 2715 404 2779 Accessit
425 2729 459 2778 et
479 2715 580 2792 aliud,
600 2728 637 2777 ut
659 2738 677 2777 a
698 2715 890 2800 quibusdam
913 2713 1061 2778 adversus
1085 2711 1292 2777 Caecilianum

256 2800 506 2863 denuntiationis
520 2797 648 2862 libellus
663 2798 803 2877 daretur,
814 2812 888 2882 post
900 2798 987 2884 quod
1002 2800 1124 2861 factum
1138 2794 1293 2883 quemad·

255 2883 391 2947 modum
412 2884 453 2946 sit
472 2905 580 2946 rursus
596 2883 717 2968 agitata
733 2885 890 2968 cogniti0,
906 2896 939 2947 et
954 2906 1026 2969 quae
1042 2904 1188 2969 personae
1203 2880 1295 2946 illum

255 2968 401 3034 libellum
417 2967 573 3044 dederint,
589 2989 719 3053 quoquc
734 2968 834 3032 modo
848 2968 928 3031 nihil
943 2968 976 3031 in
993 2967 1204 3033 Caeoiliauum
1219 2986 1333 3055 pro-

256 3053 325 3119 bari
351 3053 503 3138 potuerit,
527 3052 604 3151 quid
630 3053 747 3131 dicam,
772 3074 847 3117 curn
873 3065 905 3116 et
929 3052 1091 3117 audieritis
1117 3050 1240 3131 omnia,
1263 3064 1333 3117 et:

256 3139 384 3226 quoties
400 3137 562 3200 volueritis
578 3138 695 3222 legere,
709 3138 848 3222 possitis.
886 3139 938 3201 De
952 3158 1085 3200 numero
1099 3147 1209 3199 autem
1225 3156 1333 3220 seps-

256 3223 404 3310 tuaginta
418 3223 656 3308 episcoporum,
672 3222 718 3304 (ia
735 3223 850 3286 Concil.
867 3221 1018 3308 Curtbog.
1033 3221 1181 3286 adversus
1196 3220 1333 3285 Caeci-

258 3310 390 3392 tionum)
422 3329 498 3372 cum
528 3308 619 3393 quasi
647 3307 834 3392 gravissima
866 3320 1084 3393 opponeretur
1111 3306 1333 3375 auctoritas-¹

258 3418 331 3480 quae
346 3394 465 3458 fuerint
478 3392 566 3456 dicta
585 3392 773 3456 meministis
786 3417 795 3471 3
818 3408 851 3456 et
866 3406 974 3456 tamen
989 3390 1243 3476 viri‘grauissimi
1255 3390 1333 3455 al:

257 3478 387 3549 infinitis
418 3478 648 3563 questionibus
678 3482 790 3542 catena
817 3478 956 3563 quadam
982 3475 1200 3562 inexplicabili
1229 3489 1333 3539 seed

258 3563 459 3629 nectentibus
481 3584 574 3625 suurn
595 3574 771 3648 temperare
784 3562 950 3627 arbitrium
965 3561 1159 3638 maluerunt,
1175 3580 1333 3647 nequa-5

257 3672 355 3736 quam
376 3659 523 3712 curantes
538 3669 634 3732 quarn
656 3647 752 3710 multi
772 3659 878 3710 essent
898 3647 944 3710 illi
965 3645 1118 3731 episcopi,
1133 3657 1192 3709 aut
1211 3642 1333 3709 und(

257 3732 396 3813 collecti,
412 3753 494 3817 quos
509 3732 658 3795 videbant
672 3744 760 3795 tanta
774 3732 953 3795 temeritate
966 3742 1121 3808 soccatos,
1137 3743 1178 3793 ut·
1189 3728 1227 3795 in
1239 3728 1291 3793 al)
1308 3756 1333 3773 ⁴

258 3834 363 3883 sentes
383 3832 416 3881 et
435 3839 498 3879 uon
519 3816 733 3901 interrogatos
749 3816 901 3901 collegas,
917 3828 982 3880 tam
999 3814 1180 3901 praecipites
1195 3812 1333 3901 aude<

257 3915 330 3970 rent
377 3903 495 3967 roferre
521 3902 702 3965 sententias.
753 3903 795 3964 Et
821 3915 928 3964 tamen
955 3899 1059 3985 qualis
1082 3897 1184 3983 ipsius
1211 3899 1333 3973 best]

258 3925 452 4058 Melclliadis
473 3985 586 4051 ultima
607 3998 656 4048 est
676 3983 800 4070 prolata
823 3984 990 4061 sententia,
1037 4005 1109 4047 uam
1131 3983 1333 4051 innocens,

259 4095 358 4159 quam
379 4071 517 4157 integra,
542 4092 639 4156 quam
661 4068 794 4154 provida
817 4084 915 4155 atque
938 4007 1081 4152 pacilica,
1104 4089 1169 4152 qua
1191 4076 1326 4153 neque·

259 4158 412 4242 collegas,
431 4156 464 4219 in
485 4155 602 4244 quibus
624 4153 702 4218 nihil
723 4154 920 4231 constiterat,
936 4154 976 4217 de
994 4151 1134 4236 collegio
1149 4172 1218 4215 suo
1236 4170 1319 4221 aa*

258 4264 312 4309 sus
328 4256 376 4306 est
392 4262 574 4319 reurovere;
595 4250 628 4302 et
642 4240 776 4306 Donato
791 4239 873 4318 solo,
886 4260 983 4330 quem
1000 4237 1100 4309 totius
1115 4235 1192 4305 mali
1208 4234 1315 4327 prin·

1325 4476 1333 4577 t'
