2684 4740
278 311 425 380 ANON.
447 311 511 378 DE
532 309 726 377 CANONE
743 311 777 375 S.
793 308 1166 376 SCRIPTURARUM.
1217 321 1239 395 5

204 482 241 550 ed
267 484 401 548 Galatas
427 482 553 570 quinta,
577 481 619 547 ad
642 481 920 547 Tessalonicenses
948 477 1239 566 (Thessalonicam.

203 590 249 656 hir
262 603 294 657 et
309 592 396 680 infra
410 591 596 675 Freindall.)
613 605 713 670 sexta,
734 592 775 658 ad
796 594 961 658 Romanos
983 590 1128 678 septima.
1172 590 1239 655 Ve-

200 725 269 766 rum
289 701 467 766 Corinthiis
482 713 515 765 et
527 700 844 765 Tessalonicensibus
863 699 941 766 licet
958 720 1017 785 pro
1038 696 1241 763 correbtione

201 811 344 891 iteretur,
360 834 425 876 una
440 824 550 876 tamen
570 831 626 896 per
644 831 775 874 omnem
793 809 904 873 orbem
921 821 1014 872 terrae
1028 806 1163 872 ecclesia
1177 805 1241 872 dif-

174 919 271 987 ahrsa
284 943 356 986 esse
371 920 556 987 denoscitur
573 918 798 1006 (dignoscitur,
814 916 1016 997 humeldi).
1059 918 1102 981 Et
1116 917 1136 981 J
1138 915 1241 981 ohan·

199 1051 255 1094 nes
279 1029 366 1094 enim
393 1029 427 1095 in
447 1027 660 1117 Apocalypsi,
683 1027 761 1094 licet
781 1025 794 1072 f
800 1037 924 1113 septem
945 1025 1089 1092 ecclesiis
1111 1026 1241 1107 scribat,

197 1152 307 1203 tamen
329 1137 481 1204 omnibus
499 1137 588 1202 dicit.
633 1138 756 1203 Verum
772 1136 813 1199 ad
828 1135 1048 1202 Philemonem
1062 1156 1138 1215 una,
1153 1135 1243 1204 etad

197 1242 312 1313 'litum
332 1269 407 1328 una,
424 1259 458 1312 et
478 1248 520 1313 ad
538 1246 746 1312 Timotheum
764 1245 843 1312 duas
861 1245 959 1330 (duae,
974 1244 1163 1328 Freindall.)
1180 1268 1241 1333 pro

198 1357 318 1422 affectu
338 1369 372 1421 et
392 1356 575 1437 dilectione,
589 1357 623 1421 in
641 1356 764 1422 honore
779 1369 887 1421 tamen
900 1356 1044 1422 ecclesiae
1059 1356 1241 1440 catholicae,

147 1465 232 1542 10in
254 1465 456 1533 ordinatione
478 1466 703 1533 ecclesiasticae
720 1466 909 1553 disciplinae,
927 1465 1133 1532 sanctificata
1155 1480 1241 1533 sunt.

197 1575 315 1638 Fertur
329 1575 426 1640 etiarn
446 1575 488 1640 ad
506 1574 728 1640 Laudecenses
747 1575 829 1663 (for.
844 1575 1061 1645 Laodicenses
1076 1576 1165 1660 alia),
1180 1577 1244 1644 alia

196 1682 241 1746 ad
251 1683 500 1764 Alexandrinos,
512 1685 602 1752 Pauli
615 1685 746 1752 nomine
760 1686 841 1750 fictae
855 1685 897 1751 ad
909 1685 1063 1754 haeresem
1078 1686 1161 1772 (for.
1173 1685 1242 1750 hae·

196 1793 307 1877 resim)
325 1795 523 1875 Marcionis;
545 1808 579 1860 et
594 1795 656 1863 alia
670 1796 776 1882 plura,
790 1819 866 1884 quae
881 1796 915 1863 in
928 1795 1122 1864 catholicam
1137 1794 1242 1860 eccle·

197 1903 280 1967 siam
305 1906 404 1992 recipi
426 1929 491 1970 non
514 1920 634 1994 potest.
661 1913 703 1993 (οὐ
730 1909 839 1976 δυνατόν
862 1912 928 1992 ira.)
975 1909 1030 1973 Fel
1056 1909 1140 1973 enirn
1166 1931 1242 1974 cum

147 2041 186 2093 1³
197 2013 297 2078 melle
312 2014 440 2080 misceri
455 2038 520 2080 nou
534 2016 696 2103 congruit.
718 2017 867 2104 Epistola
877 2038 953 2085 sane
964 2019 985 2083 J
987 2018 1071 2096 udae,
1082 2030 1116 2082 et
1129 2038 1243 2103 super·

198 2124 311 2210 scripti
330 2124 487 2191 Johannis
507 2125 587 2191 duas
613 2125 711 2212 (duae,
735 2127 920 2208 Freindull.)
946 2127 980 2191 in
1002 2126 1163 2192 catholica
1184 2126 1242 2191 ha-

197 2234 329 2299 bentur.
373 2236 416 2298 Et
439 2235 603 2323 Sapientia
624 2237 666 2302 ab
687 2236 799 2303 amicis
823 2237 1006 2304 Salomonis
1029 2237 1062 2303 in
1086 2235 1244 2306 honorem

197 2341 299 2427 ipsius
313 2343 443 2429 scripta.
487 2343 705 2436 Apocalypsis
722 2345 804 2433 (for.
819 2347 1056 2434 Apocalypses)
1073 2348 1171 2412 etiam
1185 2346 1245 2410 Jo-

198 2448 314 2516 hanuis
329 2464 363 2520 et
378 2453 464 2520 Petri
478 2464 606 2518 tantum
620 2455 803 2540 recipimus,
817 2477 914 2544 quam
932 2455 1008 2540 (vid.
1019 2456 1096 2537 not.)
1112 2453 1244 2544 quidam

141 2583 190 2638 20
200 2579 242 2625 ex
254 2560 371 2626 nostris
385 2560 452 2648 legi
467 2561 500 2626 in
513 2562 649 2633 ecclesia
665 2564 791 2629 uolunt.

248 2670 410 2739 Pastorem
433 2695 507 2738 vero
532 2673 714 2760 nuperrime
739 2673 938 2760 temporibus
966 2672 1081 2738 nostris
1105 2672 1139 2740 iu
1163 2674 1244 2742 urbe

200 2777 306 2847 Roma
321 2782 445 2847 Herma
463 2781 546 2868 (sor.
561 2785 712 2867 Hermas)
729 2784 930 2875 conscripsit,
945 2783 1077 2851 sedente
1092 2783 1246 2851 cathedra

204 2889 249 2970 (in
271 2891 434 2972 cathedra,
457 2891 646 2984 Freindall.)
672 2893 760 2960 urbis
783 2894 897 2960 Romae
919 2893 1063 2959 ecclesia
1091 2895 1147 2961 Pio
1168 2896 1244 2981 'epi-

199 3019 301 3092 scopo
321 3002 420 3067 fratre
439 3002 519 3090 ejus.
564 3005 609 3072 Et
628 3003 703 3068 ideo
721 3003 787 3090 legi
806 3025 881 3068 eum
900 3004 1030 3092 quidem
1054 3015 1195 3090 oportet,
1210 3026 1245 3070 se

141 3135 184 3187 25
198 3111 364 3196 publicare
381 3112 463 3204 (sor.
480 3115 536 3178 sed
551 3115 720 3201 publicari)
738 3137 812 3179 vero
830 3115 864 3178 in
883 3114 1019 3181 ecclesia
1033 3115 1168 3203 populo,
1184 3137 1243 3180 ne-

199 3242 264 3306 que
276 3222 361 3288 inter
375 3224 551 3310 prophetas
568 3225 768 3311 completum
786 3226 869 3312 (for.
885 3227 1079 3312 completos)
1096 3249 1245 3309 numeru,

199 3350 305 3418 neque
318 3331 403 3398 inter
416 3332 595 3419 apostolos,
610 3334 642 3397 in
658 3334 754 3399 finem
771 3347 953 3421 temporum
969 3348 1091 3422 potest.

243 3439 377 3508 Arsinoi
394 3455 515 3522 autern,
530 3463 588 3508 seu
601 3442 778 3523 Valentini,
793 3443 842 3507 vel
861 3443 1021 3524 Mitiadis,
1037 3444 1118 3510 nihil
1138 3445 1171 3510 in
1192 3459 1245 3511 to·

200 3560 272 3614 tum
285 3551 470 3637 recipimus,
483 3554 538 3639 qui
552 3552 650 3618 etiam
665 3575 782 3619 novum
800 3555 1001 3621 Psalmorum
1016 3556 1135 3622 librum
1149 3556 1242 3620 Mar-

139 3657 286 3732 socioni
307 3662 567 3747 conscripserunt
590 3684 750 3728 unacum
778 3664 919 3729 Basilide
941 3666 1116 3731 Assianum
1140 3665 1240 3730 Cata.

199 3767 333 3854 hygum
369 3770 616 3839 constitutorem
648 3770 735 3856 (for.
766 3771 963 3857 Asianorum
993 3773 1241 3868 Cataphrygrun

198 3875 424 3958 constitutore,
439 3876 488 3943 vel
501 3878 756 3962 constitutores).

577 4025 587 4062 f
602 4033 680 4093 Apoc.
692 4044 762 4093 capp.
774 4031 790 4078 i.
802 4032 862 4080 etii.

541 4203 908 4246 m
