<?xml version="1.0" encoding="UTF-8"?>
<!DOCTYPE html PUBLIC "-//W3C//DTD XHTML 1.0 Transitional//EN"
    "http://www.w3.org/TR/xhtml1/DTD/xhtml1-transitional.dtd">
<html xmlns="http://www.w3.org/1999/xhtml" xml:lang="en" lang="en">
 <head>
  <title>
</title>
<meta http-equiv="Content-Type" content="text/html;charset=utf-8" />
  <meta name='ocr-system' content='tesseract 3.04.00' />
  <meta name='ocr-capabilities' content='ocr_page ocr_carea ocr_par ocr_line ocrx_word'/>
</head>
<body>
  <div class='ocr_page' id='page_1' title='image "./reliquiaesacrae10routgoog_0196.png"; bbox 0 0 2684 4740; ppageno 0'>
   <div class='ocr_carea' id='block_1_1' title="bbox 131 307 1083 396">
    <p class='ocr_par' dir='ltr' id='par_1_1' title="bbox 131 307 1083 396">
     <span class='ocr_line' id='line_1_1' title="bbox 131 307 1083 396; baseline -0.003 -17"><span class='ocrx_word' id='word_1_1' title='bbox 131 309 371 391; x_wconf 80' lang='lat' dir='ltr'><strong>ARCHELAl</strong></span> <span class='ocrx_word' id='word_1_2' title='bbox 391 311 448 375; x_wconf 86' lang='lat' dir='ltr'><strong>ET</strong></span> <span class='ocrx_word' id='word_1_3' title='bbox 468 307 676 377; x_wconf 83' lang='lat' dir='ltr'>MANETIS</span> <span class='ocrx_word' id='word_1_4' title='bbox 697 309 983 375; x_wconf 83' lang='lat' dir='ltr'><strong>DISPUTATIO.</strong></span> <span class='ocrx_word' id='word_1_5' title='bbox 1025 328 1083 396; x_wconf 82' lang='lat'><strong>193</strong></span> 
     </span>
    </p>
   </div>
   <div class='ocr_carea' id='block_1_2' title="bbox 17 479 1191 3829">
    <p class='ocr_par' dir='ltr' id='par_1_2' title="bbox 34 479 1191 2722">
     <span class='ocr_line' id='line_1_2' title="bbox 45 479 1085 566; baseline -0.004 -20"><span class='ocrx_word' id='word_1_6' title='bbox 45 481 199 547; x_wconf 81' lang='lat' dir='ltr'><strong>struxerit</strong></span> <span class='ocrx_word' id='word_1_7' title='bbox 218 482 369 547; x_wconf 90' lang='lat' dir='ltr'><strong>murum?</strong></span> <span class='ocrx_word' id='word_1_8' title='bbox 406 482 484 545; x_wconf 92' lang='lat' dir='ltr'><strong>Non</strong></span> <span class='ocrx_word' id='word_1_9' title='bbox 508 481 594 544; x_wconf 91' lang='lat' dir='ltr'><strong>enim</strong></span> <span class='ocrx_word' id='word_1_10' title='bbox 615 493 721 565; x_wconf 89' lang='lat' dir='ltr'><strong>potest</strong></span> <span class='ocrx_word' id='word_1_11' title='bbox 744 480 883 544; x_wconf 92' lang='lat' dir='ltr'><strong>dividere</strong></span> <span class='ocrx_word' id='word_1_12' title='bbox 906 479 983 566; x_wconf 91' lang='lat' dir='ltr'><strong>quid</strong></span> <span class='ocrx_word' id='word_1_13' title='bbox 1005 479 1085 544; x_wconf 89' lang='lat' dir='ltr'><strong>duas</strong></span> 
     </span>
     <span class='ocr_line' id='line_1_3' title="bbox 45 587 1085 675; baseline -0.003 -21"><span class='ocrx_word' id='word_1_14' title='bbox 45 589 254 672; x_wconf 82' lang='lat' dir='ltr'><strong>substantias,</strong></span> <span class='ocrx_word' id='word_1_15' title='bbox 269 588 330 653; x_wconf 90' lang='lat' dir='ltr'><strong>nisi</strong></span> <span class='ocrx_word' id='word_1_16' title='bbox 348 589 437 675; x_wconf 91' lang='lat' dir='ltr'><strong>quod</strong></span> <span class='ocrx_word' id='word_1_17' title='bbox 460 589 502 652; x_wconf 89' lang='lat' dir='ltr'><strong>sit</strong></span> <span class='ocrx_word' id='word_1_18' title='bbox 521 601 538 633; x_wconf 85' lang='lat'><strong>¹¹</strong></span> <span class='ocrx_word' id='word_1_19' title='bbox 550 587 714 673; x_wconf 90' lang='lat' dir='ltr'><strong>utriusque</strong></span> <span class='ocrx_word' id='word_1_20' title='bbox 730 589 844 673; x_wconf 87' lang='lat' dir='ltr'><strong>majus,</strong></span> <span class='ocrx_word' id='word_1_21' title='bbox 860 588 944 652; x_wconf 90' lang='lat' dir='ltr'><strong>sicut</strong></span> <span class='ocrx_word' id='word_1_22' title='bbox 959 588 1037 652; x_wconf 90' lang='lat' dir='ltr'><strong>dicit</strong></span> <span class='ocrx_word' id='word_1_23' title='bbox 1052 588 1085 651; x_wconf 89' lang='lat' dir='ltr'><strong>in</strong></span> 
     </span>
     <span class='ocr_line' id='line_1_4' title="bbox 48 695 1086 784; baseline -0.005 -21"><span class='ocrx_word' id='word_1_24' title='bbox 48 699 186 763; x_wconf 84' lang='lat' dir='ltr'>Genesis</span> <span class='ocrx_word' id='word_1_25' title='bbox 205 699 300 776; x_wconf 89' lang='lat' dir='ltr'><strong>libro,</strong></span> <span class='ocrx_word' id='word_1_26' title='bbox 315 698 391 784; x_wconf 87' lang='lat' dir='ltr'><strong>quia</strong></span> <span class='ocrx_word' id='word_1_27' title='bbox 404 701 415 734; x_wconf 83' lang='lat'>³</span> <span class='ocrx_word' id='word_1_28' title='bbox 426 696 532 761; x_wconf 80' lang='lat' dir='ltr'><strong>divisit</strong></span> <span class='ocrx_word' id='word_1_29' title='bbox 546 698 633 760; x_wconf 84' lang='lat' dir='ltr'><strong>Deus</strong></span> <span class='ocrx_word' id='word_1_30' title='bbox 655 695 736 758; x_wconf 85' lang='lat' dir='ltr'><strong>inter</strong></span> <span class='ocrx_word' id='word_1_31' title='bbox 757 695 867 774; x_wconf 84' lang='lat' dir='ltr'><strong>lucem,</strong></span> <span class='ocrx_word' id='word_1_32' title='bbox 886 707 915 759; x_wconf 88' lang='lat' dir='ltr'><strong>et</strong></span> <span class='ocrx_word' id='word_1_33' title='bbox 937 695 1086 760; x_wconf 79' lang='lat' dir='ltr'><strong>tenel&#39;rus.</strong></span> 
     </span>
     <span class='ocr_line' id='line_1_5' title="bbox 47 803 1090 892; baseline -0.005 -19"><span class='ocrx_word' id='word_1_34' title='bbox 47 808 164 873; x_wconf 82' lang='lat' dir='ltr'><strong>Talem</strong></span> <span class='ocrx_word' id='word_1_35' title='bbox 183 828 253 871; x_wconf 89' lang='lat' dir='ltr'><strong>esse</strong></span> <span class='ocrx_word' id='word_1_36' title='bbox 274 807 413 892; x_wconf 77' lang='lat' dir='ltr'>aliquem</span> <span class='ocrx_word' id='word_1_37' title='bbox 436 826 566 869; x_wconf 88' lang='lat' dir='ltr'><strong>necesse</strong></span> <span class='ocrx_word' id='word_1_38' title='bbox 586 815 635 868; x_wconf 89' lang='lat' dir='ltr'><strong>est</strong></span> <span class='ocrx_word' id='word_1_39' title='bbox 654 817 687 867; x_wconf 93' lang='lat' dir='ltr'><strong>et</strong></span> <span class='ocrx_word' id='word_1_40' title='bbox 707 804 790 866; x_wconf 87' lang='lat' dir='ltr'><strong>muri</strong></span> <span class='ocrx_word' id='word_1_41' title='bbox 808 803 899 867; x_wconf 90' lang='lat' dir='ltr'><strong>istius</strong></span> <span class='ocrx_word' id='word_1_42' title='bbox 915 804 1090 868; x_wconf 88' lang='lat' dir='ltr'><strong>instructo·</strong></span> 
     </span>
     <span class='ocr_line' id='line_1_6' title="bbox 49 911 1091 999; baseline -0.005 -18"><span class='ocrx_word' id='word_1_43' title='bbox 49 938 133 995; x_wconf 89' lang='lat' dir='ltr'><strong>rem,</strong></span> <span class='ocrx_word' id='word_1_44' title='bbox 161 938 272 995; x_wconf 85' lang='lat' dir='ltr'><strong>murus</strong></span> <span class='ocrx_word' id='word_1_45' title='bbox 299 915 383 978; x_wconf 81' lang='lat' dir='ltr'><strong>enirn</strong></span> <span class='ocrx_word' id='word_1_46' title='bbox 414 914 567 979; x_wconf 89' lang='lat' dir='ltr'><strong>terminos</strong></span> <span class='ocrx_word' id='word_1_47' title='bbox 597 911 851 999; x_wconf 87' lang='lat' dir='ltr'><strong>uniuscujusque</strong></span> <span class='ocrx_word' id='word_1_48' title='bbox 881 912 1091 992; x_wconf 90' lang='lat' dir='ltr'><strong>demonstrat,</strong></span> 
     </span>
     <span class='ocr_line' id='line_1_7' title="bbox 51 1006 1090 1108; baseline -0.005 -21"><span class='ocrx_word' id='word_1_49' title='bbox 51 1006 137 1087; x_wconf 89' lang='lat' dir='ltr'><strong>siout</strong></span> <span class='ocrx_word' id='word_1_50' title='bbox 159 1022 327 1099; x_wconf 88' lang='lat' dir='ltr'><strong>intereos,</strong></span> <span class='ocrx_word' id='word_1_51' title='bbox 349 1021 405 1108; x_wconf 92' lang='lat' dir='ltr'><strong>qui</strong></span> <span class='ocrx_word' id='word_1_52' title='bbox 427 1044 501 1085; x_wconf 87' lang='lat' dir='ltr'><strong>rura</strong></span> <span class='ocrx_word' id='word_1_53' title='bbox 522 1021 678 1099; x_wconf 86' lang='lat' dir='ltr'><strong>incolunt,</strong></span> <span class='ocrx_word' id='word_1_54' title='bbox 699 1020 780 1105; x_wconf 90' lang='lat' dir='ltr'><strong>lapis</strong></span> <span class='ocrx_word' id='word_1_55' title='bbox 802 1020 886 1083; x_wconf 90' lang='lat' dir='ltr'><strong>solet</strong></span> <span class='ocrx_word' id='word_1_56' title='bbox 908 1021 1090 1105; x_wconf 87' lang='lat' dir='ltr'><strong>portionem</strong></span> 
     </span>
     <span class='ocr_line' id='line_1_8' title="bbox 51 1129 1093 1218; baseline -0.003 -21"><span class='ocrx_word' id='word_1_57' title='bbox 51 1131 307 1218; x_wconf 88' lang='lat' dir='ltr'><strong>uniuscujusque</strong></span> <span class='ocrx_word' id='word_1_58' title='bbox 321 1131 479 1208; x_wconf 88' lang='lat' dir='ltr'><strong>dividere3</strong></span> <span class='ocrx_word' id='word_1_59' title='bbox 497 1153 568 1216; x_wconf 88' lang='lat' dir='ltr'><strong>quae</strong></span> <span class='ocrx_word' id='word_1_60' title='bbox 584 1142 691 1194; x_wconf 89' lang='lat' dir='ltr'><strong>tamen</strong></span> <span class='ocrx_word' id='word_1_61' title='bbox 706 1130 875 1216; x_wconf 86' lang='lat' dir='ltr'><strong>resmagis</strong></span> <span class='ocrx_word' id='word_1_62' title='bbox 892 1129 1093 1195; x_wconf 89' lang='lat' dir='ltr'><strong>intellectum</strong></span> 
     </span>
     <span class='ocr_line' id='line_1_9' title="bbox 52 1239 1095 1328; baseline -0.002 -22"><span class='ocrx_word' id='word_1_63' title='bbox 52 1241 122 1321; x_wconf 83' lang='lat' dir='ltr'><strong>dat,</strong></span> <span class='ocrx_word' id='word_1_64' title='bbox 136 1240 267 1328; x_wconf 88' lang='lat' dir='ltr'><strong>quando</strong></span> <span class='ocrx_word' id='word_1_65' title='bbox 288 1240 514 1327; x_wconf 85' lang='lat' dir='ltr'><strong>hujuscemodi</strong></span> <span class='ocrx_word' id='word_1_66' title='bbox 534 1239 647 1303; x_wconf 91' lang='lat' dir='ltr'><strong>divisio</strong></span> <span class='ocrx_word' id='word_1_67' title='bbox 667 1241 813 1304; x_wconf 85' lang='lat' dir='ltr'><strong>fraternae</strong></span> <span class='ocrx_word' id='word_1_68' title='bbox 832 1241 940 1326; x_wconf 90' lang='lat' dir='ltr'><strong>potius</strong></span> <span class='ocrx_word' id='word_1_69' title='bbox 957 1240 1095 1305; x_wconf 87' lang='lat' dir='ltr'><strong>haeredi·</strong></span> 
     </span>
     <span class='ocr_line' id='line_1_10' title="bbox 53 1348 1096 1415; baseline 0 -1"><span class='ocrx_word' id='word_1_70' title='bbox 53 1348 131 1414; x_wconf 83' lang='lat' dir='ltr'><strong>tatia</strong></span> <span class='ocrx_word' id='word_1_71' title='bbox 152 1349 194 1412; x_wconf 91' lang='lat' dir='ltr'><strong>sit</strong></span> <span class='ocrx_word' id='word_1_72' title='bbox 212 1348 306 1413; x_wconf 89' lang='lat' dir='ltr'><strong>ratio.</strong></span> <span class='ocrx_word' id='word_1_73' title='bbox 350 1350 473 1415; x_wconf 89' lang='lat' dir='ltr'><strong>Verum</strong></span> <span class='ocrx_word' id='word_1_74' title='bbox 495 1369 579 1413; x_wconf 89' lang='lat' dir='ltr'><strong>nunc</strong></span> <span class='ocrx_word' id='word_1_75' title='bbox 601 1371 666 1412; x_wconf 90' lang='lat' dir='ltr'><strong>non</strong></span> <span class='ocrx_word' id='word_1_76' title='bbox 686 1364 735 1413; x_wconf 90' lang='lat' dir='ltr'><strong>est</strong></span> <span class='ocrx_word' id='word_1_77' title='bbox 755 1349 834 1412; x_wconf 91' lang='lat' dir='ltr'><strong>mihi</strong></span> <span class='ocrx_word' id='word_1_78' title='bbox 855 1350 895 1414; x_wconf 89' lang='lat' dir='ltr'><strong>de</strong></span> <span class='ocrx_word' id='word_1_79' title='bbox 915 1350 965 1414; x_wconf 92' lang='lat' dir='ltr'><strong>his</strong></span> <span class='ocrx_word' id='word_1_80' title='bbox 985 1350 1096 1414; x_wconf 88' lang='lat' dir='ltr'><strong>dicen-</strong></span> 
     </span>
     <span class='ocr_line' id='line_1_11' title="bbox 54 1456 1098 1543; baseline 0.001 -21"><span class='ocrx_word' id='word_1_81' title='bbox 54 1457 148 1533; x_wconf 88' lang='lat' dir='ltr'><strong>dum,</strong></span> <span class='ocrx_word' id='word_1_82' title='bbox 172 1478 355 1543; x_wconf 85' lang='lat' dir='ltr'><strong>quanquam</strong></span> <span class='ocrx_word' id='word_1_83' title='bbox 383 1457 596 1520; x_wconf 87' lang='lat' dir='ltr'><strong>necessarium</strong></span> <span class='ocrx_word' id='word_1_84' title='bbox 625 1456 769 1520; x_wconf 86' lang='lat' dir='ltr'><strong>videatur</strong></span> <span class='ocrx_word' id='word_1_85' title='bbox 781 1481 791 1534; x_wconf 81' lang='lat'>3</span> <span class='ocrx_word' id='word_1_86' title='bbox 822 1479 896 1520; x_wconf 88' lang='lat' dir='ltr'><strong>narn</strong></span> <span class='ocrx_word' id='word_1_87' title='bbox 925 1457 1006 1522; x_wconf 90' lang='lat' dir='ltr'><strong>illud</strong></span> <span class='ocrx_word' id='word_1_88' title='bbox 1036 1472 1098 1538; x_wconf 91' lang='lat' dir='ltr'><strong>est,</strong></span> 
     </span>
     <span class='ocr_line' id='line_1_12' title="bbox 56 1564 1099 1652; baseline 0 -22"><span class='ocrx_word' id='word_1_89' title='bbox 56 1564 148 1652; x_wconf 90' lang='lat' dir='ltr'><strong>quod</strong></span> <span class='ocrx_word' id='word_1_90' title='bbox 167 1565 319 1650; x_wconf 86' lang='lat' dir='ltr'><strong>petimus,</strong></span> <span class='ocrx_word' id='word_1_91' title='bbox 334 1565 406 1652; x_wconf 91' lang='lat' dir='ltr'><strong>quis</strong></span> <span class='ocrx_word' id='word_1_92' title='bbox 425 1576 485 1644; x_wconf 89' lang='lat' dir='ltr'><strong>est,</strong></span> <span class='ocrx_word' id='word_1_93' title='bbox 505 1565 561 1651; x_wconf 94' lang='lat' dir='ltr'><strong>qui</strong></span> <span class='ocrx_word' id='word_1_94' title='bbox 584 1565 758 1629; x_wconf 87' lang='lat' dir='ltr'><strong>extruxerit</strong></span> <span class='ocrx_word' id='word_1_95' title='bbox 777 1587 904 1629; x_wconf 90' lang='lat' dir='ltr'><strong>murum</strong></span> <span class='ocrx_word' id='word_1_96' title='bbox 928 1566 970 1630; x_wconf 91' lang='lat' dir='ltr'><strong>ad</strong></span> <span class='ocrx_word' id='word_1_97' title='bbox 990 1565 1099 1651; x_wconf 85' lang='lat' dir='ltr'><strong>desig·</strong></span> 
     </span>
     <span class='ocr_line' id='line_1_13' title="bbox 57 1672 1100 1759; baseline -0.002 -20"><span class='ocrx_word' id='word_1_98' title='bbox 57 1673 203 1739; x_wconf 83' lang='lat' dir='ltr'><strong>nandum</strong></span> <span class='ocrx_word' id='word_1_99' title='bbox 227 1672 480 1759; x_wconf 88' lang='lat' dir='ltr'><strong>uniuscujusque</strong></span> <span class='ocrx_word' id='word_1_100' title='bbox 505 1674 677 1738; x_wconf 88' lang='lat' dir='ltr'><strong>terminum</strong></span> <span class='ocrx_word' id='word_1_101' title='bbox 703 1673 816 1758; x_wconf 84' lang='lat' dir='ltr'><strong>regni?</strong></span> <span class='ocrx_word' id='word_1_102' title='bbox 853 1676 932 1737; x_wconf 92' lang='lat' dir='ltr'><strong>Non</strong></span> <span class='ocrx_word' id='word_1_103' title='bbox 956 1673 1100 1754; x_wconf 83' lang='lat' dir='ltr'><strong>dixerat3</strong></span> 
     </span>
     <span class='ocr_line' id='line_1_14' title="bbox 58 1781 1102 1869; baseline -0.005 -19"><span class='ocrx_word' id='word_1_104' title='bbox 58 1783 137 1850; x_wconf 90' lang='lat' dir='ltr'><strong>nolo</strong></span> <span class='ocrx_word' id='word_1_105' title='bbox 158 1795 301 1848; x_wconf 82' lang='lat' dir='ltr'>moretur</span> <span class='ocrx_word' id='word_1_106' title='bbox 321 1782 375 1847; x_wconf 84' lang='lat' dir='ltr'><strong>hic</strong></span> <span class='ocrx_word' id='word_1_107' title='bbox 395 1782 547 1869; x_wconf 88' lang='lat' dir='ltr'><strong>perfidus,</strong></span> <span class='ocrx_word' id='word_1_108' title='bbox 562 1783 619 1846; x_wconf 90' lang='lat' dir='ltr'><strong>sed</strong></span> <span class='ocrx_word' id='word_1_109' title='bbox 639 1781 708 1868; x_wconf 90' lang='lat' dir='ltr'><strong>jam</strong></span> <span class='ocrx_word' id='word_1_110' title='bbox 730 1782 920 1845; x_wconf 88' lang='lat' dir='ltr'><strong>confiteatur</strong></span> <span class='ocrx_word' id='word_1_111' title='bbox 938 1782 1102 1847; x_wconf 82' lang='lat' dir='ltr'><strong>dualitatis</strong></span> 
     </span>
     <span class='ocr_line' id='line_1_15' title="bbox 59 1891 1102 1979; baseline 0 -21"><span class='ocrx_word' id='word_1_112' title='bbox 59 1891 178 1958; x_wconf 67' lang='lat' dir='ltr'><strong>suaain</strong></span> <span class='ocrx_word' id='word_1_113' title='bbox 191 1914 294 1956; x_wconf 90' lang='lat' dir='ltr'><strong>unum</strong></span> <span class='ocrx_word' id='word_1_114' title='bbox 310 1892 450 1956; x_wconf 84' lang='lat' dir='ltr'><strong>refusam</strong></span> <span class='ocrx_word' id='word_1_115' title='bbox 465 1913 533 1955; x_wconf 90' lang='lat' dir='ltr'><strong>esse</strong></span> <span class='ocrx_word' id='word_1_116' title='bbox 548 1892 771 1956; x_wconf 85' lang='lat' dir='ltr'><strong>substantiam.</strong></span> <span class='ocrx_word' id='word_1_117' title='bbox 792 1891 893 1955; x_wconf 89' lang='lat' dir='ltr'><strong>Dicat</strong></span> <span class='ocrx_word' id='word_1_118' title='bbox 908 1914 1102 1979; x_wconf 84' lang='lat' dir='ltr'><strong>quenquam,</strong></span> 
     </span>
     <span class='ocr_line' id='line_1_16' title="bbox 60 2001 1104 2088; baseline 0.003 -23"><span class='ocrx_word' id='word_1_119' title='bbox 60 2001 118 2088; x_wconf 91' lang='lat' dir='ltr'><strong>qni</strong></span> <span class='ocrx_word' id='word_1_120' title='bbox 131 2001 276 2066; x_wconf 90' lang='lat' dir='ltr'><strong>medium</strong></span> <span class='ocrx_word' id='word_1_121' title='bbox 292 2001 465 2066; x_wconf 85' lang='lat' dir='ltr'><strong>extruxerit</strong></span> <span class='ocrx_word' id='word_1_122' title='bbox 479 2003 631 2065; x_wconf 83' lang='lat' dir='ltr'><strong>murum?</strong></span> <span class='ocrx_word' id='word_1_123' title='bbox 669 2001 758 2088; x_wconf 75' lang='lat' dir='ltr'><strong>Quid</strong></span> <span class='ocrx_word' id='word_1_124' title='bbox 773 2001 891 2087; x_wconf 87' lang='lat' dir='ltr'><strong>agebat</strong></span> <span class='ocrx_word' id='word_1_125' title='bbox 902 2002 993 2083; x_wconf 89' lang='lat' dir='ltr'><strong>alter,</strong></span> <span class='ocrx_word' id='word_1_126' title='bbox 1002 2004 1104 2069; x_wconf 89' lang='lat' dir='ltr'><strong>altero</strong></span> 
     </span>
     <span class='ocr_line' id='line_1_17' title="bbox 60 2109 1107 2194; baseline 0.002 -18"><span class='ocrx_word' id='word_1_127' title='bbox 60 2112 263 2176; x_wconf 78' lang='lat' dir='ltr'><strong>instruente?</strong></span> <span class='ocrx_word' id='word_1_128' title='bbox 298 2109 504 2188; x_wconf 90' lang='lat' dir='ltr'><strong>Dormiebat,</strong></span> <span class='ocrx_word' id='word_1_129' title='bbox 519 2122 576 2173; x_wconf 89' lang='lat' dir='ltr'><strong>aut</strong></span> <span class='ocrx_word' id='word_1_130' title='bbox 598 2109 780 2194; x_wconf 84' lang='lat' dir='ltr'><strong>ignorabat,</strong></span> <span class='ocrx_word' id='word_1_131' title='bbox 799 2123 857 2175; x_wconf 93' lang='lat' dir='ltr'><strong>aut</strong></span> <span class='ocrx_word' id='word_1_132' title='bbox 875 2114 1021 2177; x_wconf 90' lang='lat' dir='ltr'><strong>resistere</strong></span> <span class='ocrx_word' id='word_1_133' title='bbox 1041 2134 1107 2180; x_wconf 91' lang='lat' dir='ltr'><strong>non</strong></span> 
     </span>
     <span class='ocr_line' id='line_1_18' title="bbox 34 2220 1109 2309; baseline 0.002 -22"><span class='ocrx_word' id='word_1_134' title='bbox 34 2259 36 2264; x_wconf 95' lang='lat'>·</span> <span class='ocrx_word' id='word_1_135' title='bbox 61 2221 175 2301; x_wconf 81' lang='lat' dir='ltr'><strong>valuit,</strong></span> <span class='ocrx_word' id='word_1_136' title='bbox 185 2233 243 2285; x_wconf 92' lang='lat' dir='ltr'><strong>aut</strong></span> <span class='ocrx_word' id='word_1_137' title='bbox 255 2221 359 2307; x_wconf 92' lang='lat' dir='ltr'><strong>pretio</strong></span> <span class='ocrx_word' id='word_1_138' title='bbox 374 2221 554 2286; x_wconf 83' lang='lat' dir='ltr'><strong>concessit?</strong></span> <span class='ocrx_word' id='word_1_139' title='bbox 577 2220 642 2284; x_wconf 88' lang='lat' dir='ltr'><strong>Dic</strong></span> <span class='ocrx_word' id='word_1_140' title='bbox 656 2220 734 2306; x_wconf 90' lang='lat' dir='ltr'><strong>quid</strong></span> <span class='ocrx_word' id='word_1_141' title='bbox 749 2221 898 2300; x_wconf 83' lang='lat' dir='ltr'><strong>faciebat,</strong></span> <span class='ocrx_word' id='word_1_142' title='bbox 911 2223 958 2286; x_wconf 88' lang='lat' dir='ltr'><strong>vel</strong></span> <span class='ocrx_word' id='word_1_143' title='bbox 971 2223 1043 2309; x_wconf 89' lang='lat' dir='ltr'><strong>quis</strong></span> <span class='ocrx_word' id='word_1_144' title='bbox 1059 2236 1109 2289; x_wconf 88' lang='lat' dir='ltr'><strong>est</strong></span> 
     </span>
     <span class='ocr_line' id='line_1_19' title="bbox 63 2328 1107 2416; baseline 0.001 -21"><span class='ocrx_word' id='word_1_145' title='bbox 63 2329 212 2408; x_wconf 88' lang='lat' dir='ltr'><strong>omnino,</strong></span> <span class='ocrx_word' id='word_1_146' title='bbox 226 2328 283 2414; x_wconf 93' lang='lat' dir='ltr'><strong>qui</strong></span> <span class='ocrx_word' id='word_1_147' title='bbox 302 2329 463 2394; x_wconf 87' lang='lat' dir='ltr'><strong>extruxit?</strong></span> <span class='ocrx_word' id='word_1_148' title='bbox 497 2331 567 2395; x_wconf 91' lang='lat' dir='ltr'><strong>Vos</strong></span> <span class='ocrx_word' id='word_1_149' title='bbox 582 2329 749 2416; x_wconf 88' lang='lat' dir='ltr'><strong>deprecor,</strong></span> <span class='ocrx_word' id='word_1_150' title='bbox 763 2329 906 2409; x_wconf 86' lang='lat' dir='ltr'><strong>ludices,</strong></span> <span class='ocrx_word' id='word_1_151' title='bbox 920 2352 1002 2416; x_wconf 87' lang='lat' dir='ltr'><strong>quos</strong></span> <span class='ocrx_word' id='word_1_152' title='bbox 1016 2332 1107 2396; x_wconf 90' lang='lat' dir='ltr'><strong>Dens</strong></span> 
     </span>
     <span class='ocr_line' id='line_1_20' title="bbox 64 2436 1109 2526; baseline -0.001 -22"><span class='ocrx_word' id='word_1_153' title='bbox 64 2436 252 2525; x_wconf 78' lang='lat' dir='ltr'><strong>plenissime</strong></span> <span class='ocrx_word' id='word_1_154' title='bbox 273 2437 413 2523; x_wconf 88' lang='lat' dir='ltr'><strong>repletos</strong></span> <span class='ocrx_word' id='word_1_155' title='bbox 433 2437 599 2504; x_wconf 86' lang='lat' dir='ltr'><strong>intellectu</strong></span> <span class='ocrx_word' id='word_1_156' title='bbox 620 2439 709 2502; x_wconf 91' lang='lat' dir='ltr'><strong>misit</strong></span> <span class='ocrx_word' id='word_1_157' title='bbox 725 2439 830 2519; x_wconf 86' lang='lat' dir='ltr'><strong>nobis,</strong></span> <span class='ocrx_word' id='word_1_158' title='bbox 849 2439 994 2525; x_wconf 87' lang='lat' dir='ltr'><strong>judicate</strong></span> <span class='ocrx_word' id='word_1_159' title='bbox 1005 2464 1015 2519; x_wconf 82' lang='lat'><em>3</em></span> <span class='ocrx_word' id='word_1_160' title='bbox 1037 2438 1109 2526; x_wconf 86' lang='lat' dir='ltr'><strong>quis</strong></span> 
     </span>
     <span class='ocr_line' id='line_1_21' title="bbox 65 2545 1191 2635; baseline 0 -24"><span class='ocrx_word' id='word_1_161' title='bbox 65 2567 107 2611; x_wconf 83' lang='lat' dir='ltr'><strong>ex</strong></span> <span class='ocrx_word' id='word_1_162' title='bbox 121 2545 253 2610; x_wconf 91' lang='lat' dir='ltr'><strong>duobus</strong></span> <span class='ocrx_word' id='word_1_163' title='bbox 268 2545 452 2625; x_wconf 84' lang='lat' dir='ltr'><strong>extruxerit,</strong></span> <span class='ocrx_word' id='word_1_164' title='bbox 467 2558 501 2611; x_wconf 88' lang='lat' dir='ltr'><strong>et</strong></span> <span class='ocrx_word' id='word_1_165' title='bbox 523 2546 602 2635; x_wconf 90' lang='lat' dir='ltr'><strong>quid</strong></span> <span class='ocrx_word' id='word_1_166' title='bbox 624 2547 742 2633; x_wconf 87' lang='lat' dir='ltr'><strong>agebat</strong></span> <span class='ocrx_word' id='word_1_167' title='bbox 760 2570 856 2628; x_wconf 89' lang='lat' dir='ltr'><strong>unus,</strong></span> <span class='ocrx_word' id='word_1_168' title='bbox 870 2570 943 2613; x_wconf 92' lang='lat' dir='ltr'><strong>cum</strong></span> <span class='ocrx_word' id='word_1_169' title='bbox 960 2549 1041 2613; x_wconf 89' lang='lat' dir='ltr'><strong>alter</strong></span> <span class='ocrx_word' id='word_1_170' title='bbox 1056 2570 1111 2612; x_wconf 89' lang='lat' dir='ltr'><strong>ex·</strong></span> <span class='ocrx_word' id='word_1_171' title='bbox 1189 2590 1191 2595; x_wconf 68' lang='lat'><strong>,</strong></span> 
     </span>
     <span class='ocr_line' id='line_1_22' title="bbox 65 2668 224 2722; baseline -0.013 0"><span class='ocrx_word' id='word_1_172' title='bbox 65 2668 224 2722; x_wconf 83' lang='lat' dir='ltr'><strong>truxerat.</strong></span> 
     </span>
    </p>

    <p class='ocr_par' dir='ltr' id='par_1_3' title="bbox 17 2765 1120 3720">
     <span class='ocr_line' id='line_1_23' title="bbox 110 2765 1111 2846; baseline 0.001 -17"><span class='ocrx_word' id='word_1_173' title='bbox 110 2765 242 2829; x_wconf 87' lang='lat' dir='ltr'>XXIV.</span> <span class='ocrx_word' id='word_1_174' title='bbox 270 2765 437 2830; x_wconf 81' lang='lat' dir='ltr'><strong>Junrcss</strong></span> <span class='ocrx_word' id='word_1_175' title='bbox 467 2786 688 2845; x_wconf 82' lang='lat' dir='ltr'><strong>urxnnuur,</strong></span> <span class='ocrx_word' id='word_1_176' title='bbox 716 2766 781 2832; x_wconf 93' lang='lat' dir='ltr'><strong>Dic</strong></span> <span class='ocrx_word' id='word_1_177' title='bbox 807 2767 910 2844; x_wconf 89' lang='lat' dir='ltr'><strong>nobis,</strong></span> <span class='ocrx_word' id='word_1_178' title='bbox 936 2790 956 2830; x_wconf 94' lang='lat' dir='ltr'><strong>o</strong></span> <span class='ocrx_word' id='word_1_179' title='bbox 982 2768 1111 2846; x_wconf 89' lang='lat' dir='ltr'><strong>Manes,</strong></span> 
     </span>
     <span class='ocr_line' id='line_1_24' title="bbox 68 2872 1111 2963; baseline -0.001 -24"><span class='ocrx_word' id='word_1_180' title='bbox 68 2874 144 2963; x_wconf 89' lang='lat' dir='ltr'><strong>quis</strong></span> <span class='ocrx_word' id='word_1_181' title='bbox 159 2872 372 2958; x_wconf 80' lang='lat' dir='ltr'><strong>designaverit</strong></span> <span class='ocrx_word' id='word_1_182' title='bbox 387 2874 464 2940; x_wconf 88' lang='lat' dir='ltr'><strong>fines</strong></span> <span class='ocrx_word' id='word_1_183' title='bbox 480 2877 648 2962; x_wconf 86' lang='lat' dir='ltr'><strong>utriusque</strong></span> <span class='ocrx_word' id='word_1_184' title='bbox 663 2876 768 2962; x_wconf 84' lang='lat' dir='ltr'><strong>regni,</strong></span> <span class='ocrx_word' id='word_1_185' title='bbox 784 2877 856 2962; x_wconf 91' lang='lat' dir='ltr'><strong>quis</strong></span> <span class='ocrx_word' id='word_1_186' title='bbox 879 2898 1007 2941; x_wconf 91' lang='lat' dir='ltr'><strong>murum</strong></span> <span class='ocrx_word' id='word_1_187' title='bbox 1024 2873 1111 2940; x_wconf 84' lang='lat' dir='ltr'><strong>feoe&#39;-</strong></span> 
     </span>
     <span class='ocr_line' id='line_1_25' title="bbox 68 2981 1113 3071; baseline 0 -23"><span class='ocrx_word' id='word_1_188' title='bbox 68 2982 113 3048; x_wconf 90' lang='lat' dir='ltr'><strong>rit</strong></span> <span class='ocrx_word' id='word_1_189' title='bbox 128 2981 295 3045; x_wconf 83' lang='lat' dir='ltr'><strong>medium?</strong></span> <span class='ocrx_word' id='word_1_190' title='bbox 322 2983 382 3046; x_wconf 88' lang='lat' dir='ltr'><strong>Pro</strong></span> <span class='ocrx_word' id='word_1_191' title='bbox 398 3003 518 3068; x_wconf 86' lang='lat' dir='ltr'><strong>magno</strong></span> <span class='ocrx_word' id='word_1_192' title='bbox 533 2984 617 3049; x_wconf 88' lang='lat' dir='ltr'><strong>enim</strong></span> <span class='ocrx_word' id='word_1_193' title='bbox 635 2983 813 3049; x_wconf 86' lang='lat' dir='ltr'><strong>Archelaus</strong></span> <span class='ocrx_word' id='word_1_194' title='bbox 828 2985 1113 3071; x_wconf 86' lang='lat' dir='ltr'><strong>interrogationem</strong></span> 
     </span>
     <span class='ocr_line' id='line_1_26' title="bbox 71 3084 1117 3179; baseline 0 -26"><span class='ocrx_word' id='word_1_195' title='bbox 71 3086 188 3153; x_wconf 84' lang='lat' dir='ltr'><strong>haberi</strong></span> <span class='ocrx_word' id='word_1_196' title='bbox 209 3084 305 3173; x_wconf 87' lang='lat' dir='ltr'><strong>hujus</strong></span> <span class='ocrx_word' id='word_1_197' title='bbox 328 3089 484 3153; x_wconf 90' lang='lat' dir='ltr'><strong>sermonis</strong></span> <span class='ocrx_word' id='word_1_198' title='bbox 502 3089 657 3179; x_wconf 55' lang='lat' dir='ltr'><strong>exposcit,</strong></span> <span class='ocrx_word' id='word_1_199' title='bbox 701 3091 841 3155; x_wconf 70' lang='lat' dir='ltr'><strong>Marsus</strong></span> <span class='ocrx_word' id='word_1_200' title='bbox 864 3112 992 3170; x_wconf 80' lang='lat' dir='ltr'><strong>mxrr,</strong></span> <span class='ocrx_word' id='word_1_201' title='bbox 1006 3092 1117 3155; x_wconf 89' lang='lat' dir='ltr'><strong>Bonus</strong></span> 
     </span>
     <span class='ocr_line' id='line_1_27' title="bbox 72 3195 1116 3277; baseline 0 -14"><span class='ocrx_word' id='word_1_202' title='bbox 72 3197 179 3275; x_wconf 86' lang='lat' dir='ltr'><strong>Deus,</strong></span> <span class='ocrx_word' id='word_1_203' title='bbox 194 3207 229 3260; x_wconf 91' lang='lat' dir='ltr'><strong>et</strong></span> <span class='ocrx_word' id='word_1_204' title='bbox 248 3195 327 3260; x_wconf 92' lang='lat' dir='ltr'><strong>nihil</strong></span> <span class='ocrx_word' id='word_1_205' title='bbox 348 3196 469 3260; x_wconf 91' lang='lat' dir='ltr'><strong>habens</strong></span> <span class='ocrx_word' id='word_1_206' title='bbox 484 3218 659 3261; x_wconf 88' lang='lat' dir='ltr'><strong>commune</strong></span> <span class='ocrx_word' id='word_1_207' title='bbox 675 3216 750 3262; x_wconf 90' lang='lat' dir='ltr'><strong>cum</strong></span> <span class='ocrx_word' id='word_1_208' title='bbox 765 3198 865 3277; x_wconf 92' lang='lat' dir='ltr'><strong>malo,</strong></span> <span class='ocrx_word' id='word_1_209' title='bbox 880 3199 1116 3263; x_wconf 88' lang='lat' dir='ltr'><strong>firmamentum</strong></span> 
     </span>
     <span class='ocr_line' id='line_1_28' title="bbox 74 3303 1116 3392; baseline 0.001 -23"><span class='ocrx_word' id='word_1_210' title='bbox 74 3303 186 3390; x_wconf 88' lang='lat' dir='ltr'><strong>posuit</strong></span> <span class='ocrx_word' id='word_1_211' title='bbox 197 3303 239 3391; x_wconf 87' lang='lat' dir='ltr'><strong>in</strong></span> <span class='ocrx_word' id='word_1_212' title='bbox 260 3304 381 3383; x_wconf 88' lang='lat' dir='ltr'><strong>medio,</strong></span> <span class='ocrx_word' id='word_1_213' title='bbox 397 3328 463 3392; x_wconf 92' lang='lat' dir='ltr'><strong>quo</strong></span> <span class='ocrx_word' id='word_1_214' title='bbox 484 3305 624 3370; x_wconf 91' lang='lat' dir='ltr'><strong>alienum</strong></span> <span class='ocrx_word' id='word_1_215' title='bbox 645 3327 664 3369; x_wconf 88' lang='lat' dir='ltr'><strong>a</strong></span> <span class='ocrx_word' id='word_1_216' title='bbox 683 3327 717 3369; x_wconf 91' lang='lat' dir='ltr'><strong>se</strong></span> <span class='ocrx_word' id='word_1_217' title='bbox 732 3326 801 3368; x_wconf 88' lang='lat' dir='ltr'><strong>esse</strong></span> <span class='ocrx_word' id='word_1_218' title='bbox 816 3307 1033 3390; x_wconf 84' lang='lat' dir='ltr'><strong>⁰patefaceret</strong></span> <span class='ocrx_word' id='word_1_219' title='bbox 1047 3327 1116 3370; x_wconf 90' lang='lat' dir='ltr'><strong>ma-</strong></span> 
     </span>
     <span class='ocr_line' id='line_1_29' title="bbox 74 3410 1116 3499; baseline 0.002 -23"><span class='ocrx_word' id='word_1_220' title='bbox 74 3410 215 3498; x_wconf 83' lang='lat' dir='ltr'><strong>lignum.</strong></span> <span class='ocrx_word' id='word_1_221' title='bbox 259 3412 497 3477; x_wconf 78' lang='lat' dir='ltr'><strong>Ancnunaus</strong></span> <span class='ocrx_word' id='word_1_222' title='bbox 524 3435 652 3491; x_wconf 78' lang='lat' dir='ltr'><strong>utxrr,</strong></span> <span class='ocrx_word' id='word_1_223' title='bbox 672 3413 855 3499; x_wconf 90' lang='lat' dir='ltr'><strong>Usquequo</strong></span> <span class='ocrx_word' id='word_1_224' title='bbox 876 3413 1034 3498; x_wconf 87' lang='lat' dir='ltr'><strong>dignitate</strong></span> <span class='ocrx_word' id='word_1_225' title='bbox 1055 3436 1116 3478; x_wconf 91' lang='lat' dir='ltr'><strong>no·</strong></span> 
     </span>
     <span class='ocr_line' id='line_1_30' title="bbox 75 3521 1118 3612; baseline 0.001 -23"><span class='ocrx_word' id='word_1_226' title='bbox 75 3523 174 3589; x_wconf 88' lang='lat' dir='ltr'><strong>minis</strong></span> <span class='ocrx_word' id='word_1_227' title='bbox 189 3522 355 3587; x_wconf 78' lang='lat' dir='ltr'><strong>mentiris?</strong></span> <span class='ocrx_word' id='word_1_228' title='bbox 379 3524 487 3602; x_wconf 90' lang='lat' dir='ltr'><strong>Deum</strong></span> <span class='ocrx_word' id='word_1_229' title='bbox 503 3523 620 3586; x_wconf 88' lang='lat' dir='ltr'><strong>etenim</strong></span> <span class='ocrx_word' id='word_1_230' title='bbox 637 3521 845 3587; x_wconf 83' lang='lat' dir='ltr'><strong>solummodo</strong></span> <span class='ocrx_word' id='word_1_231' title='bbox 861 3522 990 3587; x_wconf 90' lang='lat' dir='ltr'><strong>nomine</strong></span> <span class='ocrx_word' id='word_1_232' title='bbox 1005 3525 1118 3612; x_wconf 86' lang='lat' dir='ltr'><strong>appel·</strong></span> 
     </span>
     <span class='ocr_line' id='line_1_31' title="bbox 17 3629 1120 3720; baseline 0.002 -24"><span class='ocrx_word' id='word_1_233' title='bbox 17 3646 23 3655; x_wconf 94' lang='grc'><strong>’</strong></span> <span class='ocrx_word' id='word_1_234' title='bbox 75 3632 140 3710; x_wconf 86' lang='lat' dir='ltr'><strong>las,</strong></span> <span class='ocrx_word' id='word_1_235' title='bbox 160 3643 195 3695; x_wconf 88' lang='lat' dir='ltr'><strong>et</strong></span> <span class='ocrx_word' id='word_1_236' title='bbox 211 3630 366 3694; x_wconf 82' lang='lat' dir='ltr'><strong>deitatem</strong></span> <span class='ocrx_word' id='word_1_237' title='bbox 390 3629 489 3715; x_wconf 91' lang='lat' dir='ltr'><strong>ipsius</strong></span> <span class='ocrx_word' id='word_1_238' title='bbox 511 3630 661 3695; x_wconf 90' lang='lat' dir='ltr'><strong>humanis</strong></span> <span class='ocrx_word' id='word_1_239' title='bbox 682 3630 755 3695; x_wconf 87' lang='lat' dir='ltr'><strong>infir</strong></span> <span class='ocrx_word' id='word_1_240' title='bbox 792 3631 921 3697; x_wconf 85' lang='lat' dir='ltr'><strong>&#39;tatibus</strong></span> <span class='ocrx_word' id='word_1_241' title='bbox 941 3655 1120 3720; x_wconf 86' lang='lat' dir='ltr'><strong>comparas.</strong></span> 
     </span>
    </p>

    <p class='ocr_par' dir='ltr' id='par_1_4' title="bbox 77 3654 1120 3829">
     <span class='ocr_line' id='line_1_32' title="bbox 77 3654 1120 3829; baseline 0.003 -24"><span class='ocrx_word' id='word_1_242' title='bbox 77 3739 269 3825; x_wconf 88' lang='lat' dir='ltr'><strong>Aliquando</strong></span> <span class='ocrx_word' id='word_1_243' title='bbox 290 3760 329 3802; x_wconf 87' lang='lat' dir='ltr'><strong>ex</strong></span> <span class='ocrx_word' id='word_1_244' title='bbox 349 3760 414 3801; x_wconf 91' lang='lat' dir='ltr'><strong>non</strong></span> <span class='ocrx_word' id='word_1_245' title='bbox 434 3739 628 3818; x_wconf 84' lang='lat' dir='ltr'><strong>extantibus,</strong></span> <span class='ocrx_word' id='word_1_246' title='bbox 644 3654 816 3825; x_wconf 46' lang='lat' dir='ltr'><strong>aliquarffo</strong></span> <span class='ocrx_word' id='word_1_247' title='bbox 831 3763 869 3806; x_wconf 86' lang='lat' dir='ltr'><strong>ex</strong></span> <span class='ocrx_word' id='word_1_248' title='bbox 884 3741 1028 3829; x_wconf 90' lang='lat' dir='ltr'><strong>subjecta</strong></span> <span class='ocrx_word' id='word_1_249' title='bbox 1050 3767 1120 3808; x_wconf 89' lang='lat' dir='ltr'><strong>ma-</strong></span> 
     </span>
    </p>
   </div>
   <div class='ocr_carea' id='block_1_3' title="bbox 77 3848 1123 3935">
    <p class='ocr_par' dir='ltr' id='par_1_5' title="bbox 77 3848 1123 3935">
     <span class='ocr_line' id='line_1_33' title="bbox 77 3848 1123 3935; baseline 0.008 -23"><span class='ocrx_word' id='word_1_250' title='bbox 77 3848 172 3927; x_wconf 88' lang='lat' dir='ltr'><strong>teria,</strong></span> <span class='ocrx_word' id='word_1_251' title='bbox 187 3870 261 3934; x_wconf 86' lang='lat' dir='ltr'><strong>quae</strong></span> <span class='ocrx_word' id='word_1_252' title='bbox 275 3848 404 3934; x_wconf 89' lang='lat' dir='ltr'><strong>quidem</strong></span> <span class='ocrx_word' id='word_1_253' title='bbox 424 3862 498 3913; x_wconf 89' lang='lat' dir='ltr'><strong>ante</strong></span> <span class='ocrx_word' id='word_1_254' title='bbox 512 3871 546 3912; x_wconf 91' lang='lat' dir='ltr'><strong>se</strong></span> <span class='ocrx_word' id='word_1_255' title='bbox 561 3849 668 3931; x_wconf 84' lang='lat' dir='ltr'><strong>fuerit,</strong></span> <span class='ocrx_word' id='word_1_256' title='bbox 683 3852 796 3916; x_wconf 87' lang='lat' dir='ltr'><strong>asseris</strong></span> <span class='ocrx_word' id='word_1_257' title='bbox 811 3854 997 3935; x_wconf 84' lang='lat' dir='ltr'><strong>extruxisse,</strong></span> <span class='ocrx_word' id='word_1_258' title='bbox 1011 3868 1047 3922; x_wconf 91' lang='lat' dir='ltr'><strong>ut</strong></span> <span class='ocrx_word' id='word_1_259' title='bbox 1062 3856 1123 3920; x_wconf 93' lang='lat' dir='ltr'><strong>ho-</strong></span> 
     </span>
    </p>
   </div>
   <div class='ocr_carea' id='block_1_4' title="bbox 111 4033 626 4178">
    <p class='ocr_par' dir='ltr' id='par_1_6' title="bbox 111 4033 626 4178">
     <span class='ocr_line' id='line_1_34' title="bbox 111 4033 626 4099; baseline 0.004 -19"><span class='ocrx_word' id='word_1_260' title='bbox 111 4041 127 4069; x_wconf 86' lang='lat'><strong>¹¹</strong></span> <span class='ocrx_word' id='word_1_261' title='bbox 144 4033 175 4080; x_wconf 91' lang='lat' dir='ltr'><strong>ln</strong></span> <span class='ocrx_word' id='word_1_262' title='bbox 186 4033 270 4082; x_wconf 87' lang='lat' dir='ltr'><strong>codiee</strong></span> <span class='ocrx_word' id='word_1_263' title='bbox 278 4033 414 4094; x_wconf 63' lang='lat' dir='ltr'><strong>Cannensi,</strong></span> <span class='ocrx_word' id='word_1_264' title='bbox 425 4043 534 4099; x_wconf 78' lang='lat' dir='ltr'><strong>utrunque</strong></span> <span class='ocrx_word' id='word_1_265' title='bbox 545 4035 626 4098; x_wconf 81' lang='lat' dir='ltr'><strong>majus.</strong></span> 
     </span>
     <span class='ocr_line' id='line_1_35' title="bbox 115 4113 620 4178; baseline 0.004 -18"><span class='ocrx_word' id='word_1_266' title='bbox 115 4123 129 4148; x_wconf 73' lang='lat'><em>⁶</em></span> <span class='ocrx_word' id='word_1_267' title='bbox 144 4113 174 4161; x_wconf 88' lang='lat' dir='ltr'><strong>ln</strong></span> <span class='ocrx_word' id='word_1_268' title='bbox 185 4114 269 4161; x_wconf 86' lang='lat' dir='ltr'><strong>oodlce</strong></span> <span class='ocrx_word' id='word_1_269' title='bbox 280 4113 415 4173; x_wconf 71' lang='lat' dir='ltr'><strong>emineant,</strong></span> <span class='ocrx_word' id='word_1_270' title='bbox 424 4114 620 4178; x_wconf 72' lang='lat' dir='ltr'><strong>partumsaceret.</strong></span> 
     </span>
    </p>
   </div>
   <div class='ocr_carea' id='block_1_5' title="bbox 127 4211 708 4365">
    <p class='ocr_par' dir='ltr' id='par_1_7' title="bbox 127 4211 708 4365">
     <span class='ocr_line' id='line_1_36' title="bbox 440 4211 708 4261; baseline -0.011 -1"><span class='ocrx_word' id='word_1_271' title='bbox 440 4218 443 4224; x_wconf 87' lang='grc'><em>“</em></span> <span class='ocrx_word' id='word_1_272' title='bbox 526 4211 537 4246; x_wconf 81' lang='lat'>³</span> <span class='ocrx_word' id='word_1_273' title='bbox 555 4211 643 4260; x_wconf 81' lang='lat' dir='ltr'><strong>Gener.</strong></span> <span class='ocrx_word' id='word_1_274' title='bbox 654 4211 671 4261; x_wconf 82' lang='lat' dir='ltr'><strong>i.</strong></span> <span class='ocrx_word' id='word_1_275' title='bbox 682 4221 708 4260; x_wconf 83' lang='grc'><strong>4.</strong></span> 
     </span>
     <span class='ocr_line' id='line_1_37' title="bbox 127 4276 634 4365; baseline -0.002 -9"><span class='ocrx_word' id='word_1_276' title='bbox 127 4308 219 4365; x_wconf 75' lang='lat' dir='ltr'><strong>vor..</strong></span> <span class='ocrx_word' id='word_1_277' title='bbox 235 4276 291 4356; x_wconf 70' lang='lat' dir='ltr'><strong>lv.</strong></span> <span class='ocrx_word' id='word_1_278' title='bbox 611 4309 634 4355; x_wconf 93' lang='lat' dir='ltr'><strong>o</strong></span> 
     </span>
    </p>
   </div>
   <div class='ocr_carea' id='block_1_6' title="bbox 0 0 1389 4740">
    <p class='ocr_par' dir='ltr' id='par_1_8' title="bbox 0 0 1389 4740">
     <span class='ocr_line' id='line_1_38' title="bbox 0 0 1389 4740; baseline 0 0"><span class='ocrx_word' id='word_1_279' title='bbox 0 0 1389 4740; x_wconf 95' lang='lat' dir='ltr'><strong> </strong></span> 
     </span>
    </p>
   </div>
  </div>
 </body>
</html>
