2684 4740
168 319 230 388 130
519 297 851 366 ARCHELAUS.

170 472 256 528 resim
270 467 448 528 validissimis
463 472 638 546 argumentis
652 480 811 549 oppugnat,
825 469 942 549 ejusque
956 470 1107 550 originem,
1119 480 1210 549 atque

171 553 347 609 incrementa
367 562 559 618 consectatur,
580 570 639 608 non
661 553 747 609 modo
771 570 834 609 eam
855 553 983 610 funditus
1003 552 1157 621 subvertit,
1179 563 1209 609 et

170 651 255 706 quarn
277 631 379 708 impios
401 631 533 688 habuerit
554 641 695 700 auctores,
713 633 838 689 ostendit
850 655 859 702 3
883 634 981 691 sedet
1002 633 1138 710 pleraque
1159 651 1208 690 ca·

171 712 344 768 tholicorum
360 712 494 785 dogmata
512 709 645 778 illustrat,
660 722 746 788 atque
760 712 920 771 confirmat.
962 713 1087 788 Elegsus
1101 722 1147 768 est
1158 713 1207 768 in·

172 802 217 847 ter
231 790 285 848 alla
298 791 379 846 locus
393 793 427 847 de
443 792 575 847 instituta
589 793 624 848 ab
640 792 800 870 Apostolis,
815 811 900 867 quam
916 811 1005 869 usque
1017 811 1095 849 nunc
1108 811 1207 849 serva-

170 889 244 939 mus,
260 871 385 928 ecclesiae
402 871 571 938 hierarchia,
585 872 664 928 hisce
682 871 775 928 verbis
795 873 826 928 in
845 891 908 948 cap.
922 873 952 930 li.
967 881 1136 949 conceptus,
1152 872 1208 928 Sed

170 960 199 1008 et
218 954 331 1027 optimos
352 953 511 1008 architectos
531 956 556 1007 el
571 952 787 1027 fundamentum
808 960 939 1019 nostrum,
958 955 989 1010 id
1011 962 1060 1018 eat,
1077 955 1206 1018 ecclesie,

173 1033 278 1090 Paulus
289 1035 389 1106 posuit,
404 1040 430 1087 et
444 1034 528 1105 legem
544 1035 668 1098 tradidit,
684 1035 817 1089 adductis
836 1035 975 1100 ministris,
989 1040 1017 1090 et
1032 1033 1207 1108 presbyteria,

170 1121 198 1169 et
210 1115 349 1188 episcopis,
367 1115 395 1168 ia
409 1131 441 1168 ea
455 1113 600 1168 describens
611 1131 662 1187 per
675 1115 735 1169 loco
746 1114 863 1186 singula,
878 1131 930 1188 qao
944 1115 1034 1180 modo,
1045 1121 1073 1169 et
1086 1114 1208 1188 qualiter

170 1199 295 1268 oporteat
309 1195 443 1248 ariaristros
456 1193 525 1256 Dei,-
540 1194 640 1266 quales,
654 1200 681 1250 et
694 1194 812 1268 qualiter
822 1194 889 1268 fieri
906 1194 1083 1267 presbyteros,
1097 1193 1206 1267 quoles·

170 1291 222 1348 que
235 1290 287 1329 esse
301 1273 423 1337 deleant,
437 1275 483 1346 qai
496 1275 678 1347 episcopatum
693 1275 856 1338 desiderant,
869 1291 928 1347 qua
940 1276 1030 1330 omnio
1043 1274 1106 1328 bene
1119 1272 1207 1340 notu,

169 1362 197 1410 et
210 1361 282 1410 recte
294 1354 433 1426 disposita,
447 1370 529 1426 usque
549 1356 577 1409 iu
598 1354 766 1420 hodiernum,
780 1361 880 1409 statum
897 1371 975 1410 suum
994 1355 1161 1418 custodiunt,
1177 1359 1208 1409 et

167 1440 310 1509 permonet
330 1434 407 1507 apud
429 1451 477 1488 aas
501 1431 579 1504 hujus
603 1435 703 1507 regala
729 1435 882 1507 ducipliaa.
922 1431 1066 1490 Palmaria
1089 1450 1207 1508 quoque

169 1525 237 1570 sunt
258 1516 288 1569 iu
305 1512 383 1568 hisce
403 1513 474 1568 actis
494 1512 569 1581 loca,
591 1514 620 1569 in
640 1512 741 1588 quibus
761 1514 877 1569 humani
898 1512 1009 1570 arbitrii
1021 1512 1140 1569 libertas
1154 1511 1206 1569 ad·

167 1613 265 1650 versus
285 1593 457 1648 recentiores
478 1593 628 1649 haereticos
647 1593 812 1660 adstruitur,
827 1604 859 1649 ut
873 1593 967 1649 videre
981 1602 1025 1648 est
1038 1611 1101 1670 cap.
1111 1611 1161 1651 xv.
1174 1600 1206 1657 et

168 1675 227 1731 xix.
249 1673 444 1729 Pulcherrima
457 1681 535 1741 sunt,
547 1673 726 1748 maximeque
739 1673 867 1730 notanda
878 1673 964 1730 verba
977 1672 1027 1729 illa
1040 1692 1102 1749 cap.
1111 1673 1204 1730 xxxii.

168 1754 217 1810 ubi
232 1756 273 1809 sic
287 1754 344 1808 ait:
369 1755 448 1809 Deus
465 1756 535 1810 enlm
554 1757 656 1819 aurula,
670 1771 730 1828 qua
739 1753 823 1829 -fecit,
839 1755 908 1809 bono
928 1756 1009 1810 valde
1020 1753 1112 1829 fecit,
1128 1753 1207 1809 liberi

167 1835 272 1892 arbitrii
284 1851 387 1889 sensam
400 1836 544 1907 unicuique
557 1836 643 1900 dedit,
657 1853 711 1908 qua
722 1836 829 1890 ratione
842 1837 925 1890 etiam
939 1836 1023 1908 legem
1035 1831 1138 1905 judicil
1152 1849 1205 1907 po·

166 1917 228 1972 ruit.
264 1916 381 1970 Peccare
393 1921 513 1969 nostram
529 1921 576 1979 est,
590 1922 622 1970 ut
635 1921 725 1970 autem
739 1932 791 1969 non
802 1931 950 1988 peccemus,
965 1915 1025 1970 Dei
1037 1916 1141 1971 donans
1153 1919 1203 1993 at,

166 2013 198 2050 ax
211 2013 242 2050 eo
255 1995 327 2067 quod
340 1995 368 2048 iu
382 2000 471 2049 nostro
489 1996 526 2048 sit
544 1995 656 2050 arbitrio
675 1997 849 2050 constitutum
868 2012 990 2069 peccare,
1003 1995 1048 2050 vel
1065 2011 1121 2049 nou
1139 2010 1204 2067 pce*

167 2093 229 2131 care
243 2079 286 2137 &a
319 2074 358 2128 Et
378 2080 450 2129 certe
467 2077 514 2146 qai
530 2075 828 2145 volueriut,obseroant
844 2075 987 2140 mandato,
1001 2075 1048 2148 qui
1065 2091 1128 2130 oero
1142 2091 1205 2129 coa·

167 2157 331 2228 temptarint,
345 2160 372 2209 et
389 2156 416 2209 in
436 2171 592 2227 perversum
611 2156 813 2221 declinaverint,
826 2158 884 2210 siae
900 2155 980 2211 dubio
999 2156 1085 2227 legem
1097 2153 1204 2210 ludicii

159 2235 265 2312 ferent.
306 2232 503 2291 Romanarum
518 2252 631 2309 quoque
648 2235 853 2309 antiquitatum
871 2235 992 2291 studiosi
1004 2233 1088 2310 plura
1100 2234 1133 2288 iu
1147 2233 1203 2288 hoc

167 2329 253 2392 opere
274 2314 420 2369 invenient
440 2315 513 2369 scitu
534 2313 611 2370 haud
631 2314 761 2388 indigna,
781 2332 902 2389 quorum
921 2312 1054 2392 pleraque
1072 2313 1203 2389 superius

167 2395 461 2459 commemoravimus
477 2393 525 2449 ubi
541 2395 575 2449 de
591 2393 716 2470 ejusdem
731 2395 895 2450 sinceritate
908 2394 1103 2450 tractavimus.
1142 2391 1202 2448 De·

166 2477 253 2551 nique
273 2475 341 2530 hinc
362 2474 450 2529 etiam
471 2474 578 2530 discere
599 2492 749 2550 possumus
772 2493 920 2549 quousque
937 2473 1064 2530 Romani
1084 2472 1203 2550 Imperii

166 2557 271 2612 limites
292 2554 476 2620 Parthorum,
491 2573 541 2610 seu
562 2554 713 2610 Persarum
733 2554 870 2610 ditionem
885 2572 992 2620 versus,
1007 2563 1076 2609 tunc
1089 2561 1203 2629 tempo-

166 2637 205 2692 ris
220 2635 468 2712 protenderentur,
484 2634 596 2709 aliaque
609 2632 748 2690 nonnulla
765 2635 799 2689 de
817 2632 887 2689 locis
903 2635 932 2690 in
950 2633 1104 2689 eorundem
1120 2632 1203 2688 colli·

168 2717 251 2772 mitio
265 2715 337 2780 sitis,
351 2715 440 2789 deque
454 2713 654 2771 Romanorum
667 2713 790 2771 militum
804 2732 934 2780 numero,
947 2715 996 2788 qui
1009 2713 1084 2789 apud
1098 2712 1202 2779 Carras

167 2804 261 2850 castra
275 2793 426 2848 servabant
438 2817 446 2862 3
471 2793 506 2848 ‹le
525 2794 570 2848 his
592 2796 667 2849 enim
689 2793 774 2849 rebus
795 2794 915 2868 sparsim
937 2795 1031 2868 agitur
1051 2794 1081 2848 in
1102 2793 1202 2869 primis

166 2874 291 2947 quinque
313 2872 454 2946 capitibus
475 2871 560 2946 hujm
579 2874 685 2948 operis,
700 2892 734 2929 ac
747 2884 885 2948 praterea
897 2875 927 2929 in
942 2872 1069 2949 ejusdem
1083 2891 1148 2949 cap.
1162 2871 1202 2928 lii.

163 2953 211 3009 liv.
226 2951 306 3008 et'lv.
341 2950 428 3006 Plura
446 2951 549 3007 eruditi
567 2953 642 3008 inter
660 2953 811 3027 legendum
831 2953 1035 3024 observabunt,
1050 2951 1201 3009 nos·enim

163 3031 221 3089 alio
235 3048 429 3110 properamus.

571 3179 791 3231 1-ss-
823 3154 826 3160 ‘

163 3345 298 3416 Deinceps
309 3344 366 3398 lraec
376 3345 501 3416 prefatus
516 3356 557 3398 est
574 3348 712 3400 Annaeus
729 3347 931 3412 Gaussuuws,
942 3345 1020 3416 hujus
1034 3344 1201 3416 Disputatio·

168 3461 175 3469 .
197 3416 238 3468 nis
253 3428 314 3496 post
328 3416 487 3496 bacagnium
500 3415 649 3469 Fabricium
665 3417 850 3496 Mausiumque
861 3417 955 3481 editor,
967 3417 994 3469 iu
1007 3414 1202 3485 l'rolegomenis

169 3532 173 3543 ,
197 3497 262 3538 toan
275 3497 345 3538 tertn
356 3486 518 3538 Brbliotlrecae
528 3504 580 3538 suae
593 3485 714 3552 Petrum,
725 3504 783 3556 cap.
795 3504 855 3538 xvu.
867 3504 894 3556 p.
904 3486 956 3539 xlv.

169 3612 174 3642 ¹
200 3605 250 3663 ‘Ne
265 3607 374 3662 muneri
388 3616 489 3662 nostro
503 3607 600 3663 deesse
615 3608 733 3663 omnino
745 3606 900 3673 videamur,
912 3607 946 3662 iis
958 3625 1020 3681 qua
1035 3605 1199 3682 Zacagnlus

162 3688 219 3742 huc
238 3703 326 3761 usque
345 3688 413 3742 satis
430 3686 582 3761 diligenter
601 3686 760 3751 edisseruit,
780 3686 883 3743 addere
901 3685 1039 3742 nonnulla
1059 3698 1199 3763 opportu-

163 3771 233 3823 hum
252 3766 455 3824 existimamus.
497 3767 537 3822 Et
556 3767 678 3843 prlmum
693 3766 806 3840 quidem
826 3766 861 3821 ad
881 3767 976 3822 sedem
989 3765 1123 3823 Archelai
1139 3766 1200 3844 epi-

163 3845 306 3924 scopalem
322 3846 398 3920 quod
412 3847 527 3913 attinet,
543 3847 572 3902 iu
586 3846 671 3903 aliam
692 3865 709 3901 a
730 3845 868 3920 Zacaguii
891 3847 1038 3918 sententias
1054 3856 1128 3902 cum'
1142 3845 1200 3902 Le·

163 3926 280 4002 quieuio
293 3925 331 3982 V.
343 3926 377 3982 C.
392 3925 470 3983 abire
490 3920 560 3981 lib'et
576 3927 716 4000 (Lequleu.
733 3926 784 3981 Or.
800 3926 868 3982 Chr.
883 3935 955 3984 tom.
966 3927 996 3983 ii.
1012 3945 1095 4002 pagg.
1113 3926 1199 3986 1002.

163 4005 321 4079 cellos).
356 4005 564 4061 Cascharorum
586 4007 672 4072 enim,
694 4025 752 4061 non
775 4005 958 4073 Charrarum,
978 4006 1104 4062 ecclesiae
1126 4024 1200 4082 prta·

163 4089 251 4144 fuisse
271 4084 455 4150 Archelaum,
475 4104 535 4140 non
555 4083 647 4141 solum
670 4086 774 4141 docent
793 4087 868 4141 Acta
889 4086 1091 4162 disputatlonis
1112 4101 1200 4160 quam

164 4177 278 4223 sanctus
297 4164 344 4222 ille
363 4164 466 4244 praesul
486 4164 589 4222 habuit
608 4185 672 4222 cum
692 4165 811 4222 Manete
834 4167 957 4241 (Archel.
971 4167 1115 4243 Acacap.
1135 4164 1198 4238 l.)5
