2684 4740
380 310 616 379 araneam
639 311 723 379 ruo
743 311 960 380 antaeus.
1122 326 1186 399 327

143 479 201 579 Ul
216 482 246 562 ἐν
258 481 371 568 τόποις
390 480 508 594 Mi?
508 519 590 565 αμα-,μ
609 484 640 565 ξ’.
690 495 777 554 tatur,
794 485 949 543 seeundum
969 483 1098 542 locorum
1120 482 1183 558 glo*

689 596 762 652 riam
783 609 961 669 consequens
982 589 1184 667 estaptandas

143 615 317 717 ceolas
297 623 483 720 αναγκαῖον
500 655 542 730 χρ
543 617 639 718 uulua

586 756 594 776 ‚
626 756 638 783 x
690 718 752 757 esse
775 698 861 756 etiam
886 715 1038 775 corporum
1060 693 1183 771 qualita-

145 752 285 856 edeam
308 757 555 858 πνευματικοῖς,
575 785 638 851 aze
689 814 743 863 m

765 803 830 861 Nee
842 803 906 860 ideo
919 811 1022 859 tamen
1018 801 1108 880 prior
1121 800 1183 857 haee

142 915 195 959 τω
178 876 376 966 aldorf
324 918 375 960 rw
392 914 439 998 ως
441 919 488 963 ort
481 882 641 997 ςκάφοι-
691 910 798 987 species
835 906 1082 980 exterminabitur,
1116 904 1184 962 licet

142 1012 308 1128 ιιζιμένω,
329 1016 394 1098 κᾶν
412 1019 518 1098 {75}
487 1055 522 1098 το
540 1017 641 1127 373⁰}
691 1009 885 1089 gloriosiorj
860 1030 876 1069 e
891 1030 921 1068 us
943 1009 1046 1067 effecta
1062 1010 1101 1066 sit
1118 1027 1183 1086 per·

142 1151 193 1231 m
536 1157 543 1177 .
691 1117 823 1173 mutatio.
846 1109 1184 1192 SieatenimipsiusDo-

192 1187 240 1264 gol
259 1152 387 1255 fimas
416 1185 545 1245 ΜΗ
571 1191 641 1320 τῖξ
690 1221 760 1277 minu
753 1218 856 1287 Jesu,
870 1217 917 1275 vel
930 1216 1038 1293 Meyer,
1052 1213 1097 1272 vel
1111 1212 1183 1271 Elrae

142 1283 202 1376 mi.
233 1285 342 1396 blm?
370 1280 401 1379 ἦν
426 1324 460 1365 ⁷⁰
483 1285 577 1379 lm
598 1287 640 1369 fil·
691 1325 872 1402 speciesnon
890 1321 1046 1379 eratalia
1039 1339 1068 1376 m
1088 1332 1182 1376 trans-

144 1417 213 1517 def,
233 1425 296 1501 ’toll
322 1439 473 1506 Μωσεως
497 1428 558 1505 nal
580 1430 641 1504 ’.H
690 1429 875 1499 formatione,
896 1447 981 1505 quam
1003 1426 1097 1482 fuerat
1119 1433 1186 1480 ante

690 1522 984 1591 transformationem,
1000 1525 1041 1581 ita
1057 1521 1188 1585 nouerit

691 1623 748 1680 alia
767 1629 931 1680 sanctorum
952 1621 1071 1698 species,
1097 1618 1184 1675 etiarn

143 1687 322 1796 ludlow,
342 1722 414 1801 We
441 1680 518 1780 llll·
542 1705 644 1764 Gfaecst
692 1739 716 1776 sr
708 1719 822 1776 multo
837 1717 990 1794 gloriosior
1005 1714 1064 1774 fiat.

145 1831 247 1881 extant
259 1824 333 1901 apud
352 1822 548 1903 Epiphaniam
562 1825 639 1882 Haer.

144 1927 216 1986 lxiv.
229 1947 308 1985 num
324 1928 370 1988 14.

143 1551 231 1650 λίου,
246 1560 307 1651 οὐχ
321 1552 416 1668 ἕτερον
434 1555 464 1633 ἐν
480 1592 517 1644 τη
534 1591 639 1661 μετα-

145 2106 229 2162 regnr
221 2089 437 2147 haereditatem
452 2091 556 2148 adituri
571 2102 686 2149 santae
701 2091 846 2148 diversis
839 2111 868 2148 m
888 2090 1001 2147 sedibus
1015 2086 1183 2154 habitaturi,

146 2169 288 2246 spiritalia
301 2190 415 2246 quoque
429 2191 549 2250 corpora
563 2173 689 2229 habeant
708 2191 823 2229 neeesse
842 2181 904 2229 est:
928 2190 988 2228 non
1009 2169 1086 2245 quod
1106 2160 1188 2245 prior'

147 2249 334 2324 extinguatur
352 2253 471 2329 speeies,
486 2255 599 2309 tametsi
619 2255 649 2309 in
667 2253 804 2309 illustrius
824 2253 956 2328 quiddam
975 2249 1185 2342 gloriosiusque

146 2338 283 2389 mutetur.
326 2333 572 2393 Quemadmodum
592 2333 673 2401 Jesu,
695 2353 729 2391 ae
749 2333 871 2409 Moysis,
887 2342 917 2389 et
934 2330 1006 2388 Elia
1026 2330 1134 2409 speeies
1153 2329 1184 2384 in

147 2409 401 2469 transformatione
415 2433 475 2469 nou
489 2413 545 2469 alia
559 2433 644 2489 quam
658 2433 721 2490 quae
735 2415 819 2471 initio
835 2425 906 2480 erat,
922 2412 1042 2468 exstitit.

192 2565 433 2631 Pumruraus.
464 2567 528 2633 Sed
551 2582 584 2633 et
603 2568 635 2633 in
659 2569 772 2657 quinto
793 2568 919 2632 decimo
940 2567 1066 2632 Psalmo
1087 2587 1186 2652 expo·

146 2697 226 2741 neus
247 2679 338 2742 illum
362 2680 567 2761 versiculum,
583 2680 712 2764 Insuper
734 2691 763 2743 et
786 2701 855 2743 earo
877 2701 947 2743 mea
967 2677 1134 2767 requiescet
1153 2677 1187 2742 in

146 2801 212 2870 spe,
227 2786 267 2851 de
283 2809 378 2852 carne
393 2788 527 2853 Domini
543 2788 614 2852 haec
631 2788 687 2853 ait.

191 2898 409 2964 Onrenruas.
440 2898 933 2982 DominusJesus--suseeptm

191 3011 431 3075 Paururuus.
463 3013 505 3074 Et
519 2993 721 3095 postpauca.

191 3118 405 3184 Oareauas.
436 3118 726 3184 .Hcee--coelum.

192 3230 437 3294 Paururuus.
465 3230 555 3317 Quid
569 3230 633 3294 hoc
650 3227 830 3314 euidentius
841 3238 875 3292 et
889 3227 1004 3292 clarius
1019 3225 1060 3291 ab
1076 3223 1187 3312 aliquo

146 3333 213 3400 diei
231 3351 340 3422 potest
359 3338 398 3401 de
420 3339 650 3402 resurrectione
670 3338 784 3417 carnis,
807 3358 903 3423 quam
926 3335 1105 3421 assignavit·
1119 3357 1186 3399 non

147 3444 255 3510 solum
275 3458 524 3512 resurrecturam
545 3469 565 3509 a
584 3446 730 3526 mortuis,
745 3446 965 3511 verumetiam
982 3445 1015 3508 in
1029 3443 1143 3523 coelos,
1159 3443 1187 3508 si

148 3576 214 3642 qua
232 3567 339 3632 tamen
361 3557 393 3622 id
414 3559 577 3637 meruerit,
602 3555 838 3636 assumendam,
858 3568 1041 3622 secuturam
1064 3555 1187 3622 scilieet

147 3678 225 3729 eum
247 3666 303 3752 qui
322 3666 558 3752 primogenitus
579 3688 620 3730 ex
640 3667 776 3732 mortuis
792 3667 907 3746 laetus,
922 3665 1044 3752 primus
1065 3666 1101 3731 in·
1117 3682 1190 3731 eoa·-¹

147 3771 219 3837 lum
235 3790 381 3839 naturam
398 3775 501 3839 carnis
520 3775 658 3842 invexit?
696 3775 785 3863 Quid
800 3788 907 3840 tamen
921 3775 954 3839 in
969 3789 1086 3840 oetaeo
1098 3774 1187 3840 deei-
1225 3792 1228 3797 ·

147 3905 204 3948 mo
227 3884 355 3950 Psalmo
381 3888 455 3970 (ver.
471 3890 516 3969 6.)
538 3907 705 3974 exponens·
723 3887 815 3952 illum
840 3885 1188 3969 versiculum,1nsole

144 3993 250 4080 posuit
265 3993 496 4060 tabernaculum
511 4016 611 4074 snam,
626 3997 768 4077 senserit,
784 3997 964 4066 audiamus.

193 4103 409 4169 Oaruaues.
440 4103 525 4191 Quid
537 4102 771 4191 est-glorz'o
784 4115 849 4170 tua.

183 4218 436 4285 Pallanteus.
465 4215 664 4282 Erubescant
675 4213 780 4280 etiam
800 4215 847 4281 illi
866 4216 922 4303 qui
936 4230 969 4281 et
983 4214 1046 4280 hoc
1061 4213 1102 4280 de
1115 4213 1187 4302 ipso

640 4336 699 4389 sd
