2684 4740
252 336 306 404 lN
327 333 1093 402 FRAGMENT..INCERT1SCRIPTORIS.
1148 351 1190 422 37

147 525 170 569 ι
184 525 238 568 me
252 503 342 569 istaec
356 505 414 569 abs
429 526 462 569 re
479 505 583 570 aliena
595 518 712 583 essent,
729 505 755 569 si
772 504 877 584 verba,
889 505 1078 570 Asianorum
1095 507 1191 570 Cata-

146 589 233 676 paq
279 611 310 652 m
329 590 570 670 constitutorem,
590 591 631 655 de
651 591 848 676 psalmorum
872 590 928 653 illo
951 591 1044 669 libro,
1064 613 1128 656 non
1149 590 1192 677 ὼ

147 611 292 738 Basiliis
307 675 389 760 ipso,
401 677 519 760 exponi
532 689 674 776 possent.
697 678 771 763 Qua
787 674 917 760 quidem
933 675 1192 762 interpretatione

148 758 272 822 famem
287 759 428 824 auctoris
441 774 542 825 nostri
555 761 603 824 vel
619 760 743 825 facilius
759 760 933 824 tuebimur.
977 762 1025 824 At
1046 783 1119 826 vero
1139 760 1190 825 his

147 843 254 908 verbis
277 843 393 922 allatis,
414 844 569 909 Asianum
596 845 834 932 cataphrygum
861 845 1100 923 constitutorem,
1130 867 1190 931 pro

195 927 270 1014 ibus
328 931 402 1007 suit,
416 929 533 994 Asiana
549 929 785 1029 Catopitrygum
795 929 1007 1008 constitutore,
1020 931 1066 996 ait
1080 930 1190 995 Frein-

134 1024 137 1029 '
215 1033 262 1076 er.
283 950 380 1099 dlijus
399 1035 568 1100 personam
590 1016 621 1079 in
645 1014 806 1093 Miltiade,
823 1015 871 1078 vel
891 1015 1071 1092 Alcibiade,
1089 1016 1190 1080 latero

146 1118 265 1184 posse3
288 1106 529 1163 “veruntamen
551 1101 633 1164 hanc
649 1100 795 1164 ultimam
811 1098 1004 1187 pericopen''
1019 1100 1190 1165 arbitratur

144 1190 298 1247 “sensus
322 1182 453 1249 defectu
477 1184 634 1263 laborare,
661 1198 694 1248 et
718 1185 952 1249 restitutionem
977 1185 1047 1271 ejus
1073 1186 1187 1272 despe-

145 1267 281 1332 “rari.'’
318 1266 483 1333 Caeterum
510 1269 551 1333 de
577 1268 725 1334 Basilidis
749 1270 976 1355 Valentinique
999 1283 1105 1347 aetate,
1131 1270 1189 1358 qui

145 1352 245 1439 paulo
260 1365 336 1437 post
350 1367 497 1418 mortuos
513 1375 626 1419 omnes
643 1354 808 1438 apostolos
826 1356 928 1418 exorti
947 1376 1017 1419 esse
1032 1354 1188 1435 videntur,

145 1436 213 1502 dixi
226 1450 303 1502 unte
316 1436 358 1502 sd
371 1459 448 1523 pag.
463 1452 530 1502 135.
545 1440 609 1504 vol.
621 1439 716 1525 primi
731 1437 905 1526 Reiiqnior.
927 1440 1040 1525 Atque
1053 1439 1187 1504 eosdem

145 1521 317 1586 haereticos
330 1536 444 1588 auctor
456 1538 506 1588 est
521 1523 675 1588 Clemens
689 1523 926 1589 Alexandrinus
940 1524 1025 1589 circa
1040 1538 1188 1610 tempora

138 1606 261 1671 vixisse
281 1606 439 1671 Hadriani
459 1608 672 1694 imperatoris,
687 1608 775 1694 quod
794 1609 835 1673 de
852 1608 890 1672 iis
908 1608 1039 1673 tradidit
1057 1609 1091 1672 in
1111 1610 1186 1674 loco

145 1691 315 1791 Stroonotis
328 1692 378 1756 vii.
394 1713 466 1779 cap.
484 1705 530 1769 17.
546 1715 578 1780 p.
592 1708 662 1774 898.
676 1694 727 1757 ed.
743 1694 874 1773 Potteri,
890 1715 986 1779 quem
1002 1694 1102 1758 modo
1117 1716 1186 1759 me·

143 1797 277 1841 moram.

186 1862 223 1925 P.
237 1876 268 1925 5.
284 1859 371 1940 l-29.
393 1860 450 1949 qui
468 1862 567 1928 etiam
589 1885 707 1927 novum
730 1864 930 1928 Psalmorum
952 1862 1070 1928 librum
1092 1865 1185 1929 Mar·

142 1945 230 2010 ciani
244 1948 517 2032 conscripserunt]
531 1947 655 2012 Eodem
670 1969 764 2013 sensu
779 1946 979 2035 Epiphanius
992 1947 1025 2011 in
1041 1949 1116 2013 loco
1131 1973 1187 2014 su-

143 2051 202 2116 pra
212 2029 255 2095 ad
268 2050 301 2116 p.
310 2045 360 2096 ³⁵.
374 2030 547 2118 descripte,
559 2037 639 2096 ἀλλὰ
651 2035 679 2095 ii
694 2034 878 2119 runoiypala
891 2034 937 2114 ἀφ’
954 2038 1039 2097 inari
1054 2033 1184 2116 συνέταξε

147 2115 326 2197 (Marcion)
343 2120 400 2191 τοῖς
412 2118 461 2180 ἀπ’
474 2121 549 2180 αὐτό
564 2117 769 2200 πλανωμένοις.
811 2121 865 2183 ‘lta
878 2132 910 2181 et
927 2117 1095 2183 Cornelius
1113 2121 1184 2184 Ne·

143 2221 215 2286 pos,
239 2200 273 2265 in
294 2200 470 2348 gymnico,
490 2222 561 2288 cap.
580 2216 610 2266 3.
636 2202 730 2266 Hanc
772 2203 950 2284 orationem)
976 2203 1006 2266 ei
1028 2201 1184 2289 scripsisse

146 2283 240 2350 Cleon
260 2285 299 2349 H
331 2284 521 2351 imrnnsseus
537 2286 662 2350 dicitur.
707 2289 811 2374 Supra
830 2300 982 2375 posuerat
997 2288 1124 2355 Auctor
1140 2288 1183 2354 de

144 2368 235 2467 Psuli
249 2370 394 2520 episltollip
407 2371 707 2459 pseudepigrapbis,
717 2372 813 2458 fictae
826 2373 870 2438 od
883 2371 1027 2439 ioeresirn
1040 2372 1182 2438 Marcio·

144 2475 202 2536 nes,
215 2475 251 2542 p.
287 2501 294 2518 .
325 2501 333 2519 .
388 2503 396 2521 .
817 2525 820 2532 ,
