<?xml version="1.0" encoding="UTF-8"?>
<!DOCTYPE html PUBLIC "-//W3C//DTD XHTML 1.0 Transitional//EN"
    "http://www.w3.org/TR/xhtml1/DTD/xhtml1-transitional.dtd">
<html xmlns="http://www.w3.org/1999/xhtml" xml:lang="en" lang="en">
 <head>
  <title>
</title>
<meta http-equiv="Content-Type" content="text/html;charset=utf-8" />
  <meta name='ocr-system' content='tesseract 3.04.00' />
  <meta name='ocr-capabilities' content='ocr_page ocr_carea ocr_par ocr_line ocrx_word'/>
</head>
<body>
  <div class='ocr_page' id='page_1' title='image "./reliquiaesacrae10routgoog_0040.png"; bbox 0 0 2684 4740; ppageno 0'>
   <div class='ocr_carea' id='block_1_1' title="bbox 255 297 1193 384">
    <p class='ocr_par' dir='ltr' id='par_1_1' title="bbox 255 297 1193 384">
     <span class='ocr_line' id='line_1_1' title="bbox 255 297 1193 384; baseline -0.006 -14"><span class='ocrx_word' id='word_1_1' title='bbox 255 305 308 372; x_wconf 76' lang='grc' dir='ltr'><strong>ΙΝ</strong></span> <span class='ocrx_word' id='word_1_2' title='bbox 327 302 594 371; x_wconf 82' lang='lat' dir='ltr'><strong>FRAGMENT.</strong></span> <span class='ocrx_word' id='word_1_3' title='bbox 616 299 804 370; x_wconf 85' lang='lat' dir='ltr'><strong>INCERTI</strong></span> <span class='ocrx_word' id='word_1_4' title='bbox 822 297 1095 369; x_wconf 84' lang='lat' dir='ltr'><strong>SCRIPTORIS.</strong></span> <span class='ocrx_word' id='word_1_5' title='bbox 1137 313 1193 384; x_wconf 68' lang='lat' dir='ltr'><strong>ug</strong></span> 
     </span>
    </p>
   </div>
   <div class='ocr_carea' id='block_1_2' title="bbox 131 466 1199 4358">
    <p class='ocr_par' dir='ltr' id='par_1_2' title="bbox 131 466 1199 4358">
     <span class='ocr_line' id='line_1_2' title="bbox 150 466 1194 562; baseline -0.01 -18"><span class='ocrx_word' id='word_1_6' title='bbox 150 482 176 515; x_wconf 80' lang='lat'><strong>‘⁴</strong></span> <span class='ocrx_word' id='word_1_7' title='bbox 190 474 438 562; x_wconf 82' lang='lat' dir='ltr'><strong>quatuordecim</strong></span> <span class='ocrx_word' id='word_1_8' title='bbox 453 472 605 562; x_wconf 86' lang='lat' dir='ltr'><strong>epistolas</strong></span> <span class='ocrx_word' id='word_1_9' title='bbox 619 471 815 560; x_wconf 87' lang='lat' dir='ltr'><strong>scripsisse.&#39;&#39;</strong></span> <span class='ocrx_word' id='word_1_10' title='bbox 835 473 919 536; x_wconf 84' lang='lat' dir='ltr'><strong>Haec</strong></span> <span class='ocrx_word' id='word_1_11' title='bbox 933 469 1112 536; x_wconf 87' lang='lat' dir='ltr'><strong>Stoschius.</strong></span> <span class='ocrx_word' id='word_1_12' title='bbox 1135 466 1194 534; x_wconf 84' lang='lat' dir='ltr'><strong>Ait</strong></span> 
     </span>
     <span class='ocr_line' id='line_1_3' title="bbox 150 555 1194 638; baseline -0.008 -12"><span class='ocrx_word' id='word_1_13' title='bbox 150 560 359 626; x_wconf 80' lang='lat' dir='ltr'><strong>Freindaller.</strong></span> <span class='ocrx_word' id='word_1_14' title='bbox 374 567 399 600; x_wconf 90' lang='lat'><strong>“</strong></span> <span class='ocrx_word' id='word_1_15' title='bbox 413 560 535 625; x_wconf 83' lang='lat' dir='ltr'><strong>idcirco</strong></span> <span class='ocrx_word' id='word_1_16' title='bbox 556 560 651 638; x_wconf 86' lang='lat' dir='ltr'><strong>forte,</strong></span> <span class='ocrx_word' id='word_1_17' title='bbox 671 580 712 622; x_wconf 91' lang='lat' dir='ltr'><strong>ne</strong></span> <span class='ocrx_word' id='word_1_18' title='bbox 730 578 878 623; x_wconf 80' lang='lat' dir='ltr'><strong>excessus</strong></span> <span class='ocrx_word' id='word_1_19' title='bbox 899 577 1071 620; x_wconf 87' lang='lat' dir='ltr'><strong>numerum</strong></span> <span class='ocrx_word' id='word_1_20' title='bbox 1091 555 1194 619; x_wconf 89' lang='lat' dir='ltr'><strong>istum</strong></span> 
     </span>
     <span class='ocr_line' id='line_1_4' title="bbox 148 638 1193 730; baseline -0.007 -19"><span class='ocrx_word' id='word_1_21' title='bbox 148 652 174 685; x_wconf 87' lang='lat'>“</span> <span class='ocrx_word' id='word_1_22' title='bbox 189 644 379 725; x_wconf 82' lang='lat' dir='ltr'><strong>offenderet,</strong></span> <span class='ocrx_word' id='word_1_23' title='bbox 406 645 585 730; x_wconf 87' lang='lat' dir='ltr'><strong>Epistolam</strong></span> <span class='ocrx_word' id='word_1_24' title='bbox 612 640 654 709; x_wconf 82' lang='lat' dir='ltr'><strong>ad</strong></span> <span class='ocrx_word' id='word_1_25' title='bbox 683 645 843 708; x_wconf 80' lang='lat' dir='ltr'><strong>Hebroeos</strong></span> <span class='ocrx_word' id='word_1_26' title='bbox 871 642 1023 707; x_wconf 86' lang='lat' dir='ltr'><strong>omissam</strong></span> <span class='ocrx_word' id='word_1_27' title='bbox 1052 638 1193 726; x_wconf 84' lang='lat' dir='ltr'><strong>reperiri.</strong></span> 
     </span>
     <span class='ocr_line' id='line_1_5' title="bbox 148 725 1194 816; baseline -0.006 -22"><span class='ocrx_word' id='word_1_28' title='bbox 148 735 175 771; x_wconf 83' lang='lat'>“</span> <span class='ocrx_word' id='word_1_29' title='bbox 191 731 322 796; x_wconf 84' lang='lat' dir='ltr'><strong>Poterat</strong></span> <span class='ocrx_word' id='word_1_30' title='bbox 340 730 466 795; x_wconf 88' lang='lat' dir='ltr'><strong>isthanc</strong></span> <span class='ocrx_word' id='word_1_31' title='bbox 485 751 594 816; x_wconf 88' lang='lat' dir='ltr'><strong>porro,</strong></span> <span class='ocrx_word' id='word_1_32' title='bbox 608 729 733 793; x_wconf 85' lang='lat' dir='ltr'><strong>etiamsi</strong></span> <span class='ocrx_word' id='word_1_33' title='bbox 747 750 818 792; x_wconf 87' lang='lat' dir='ltr'><strong>eam</strong></span> <span class='ocrx_word' id='word_1_34' title='bbox 834 727 933 791; x_wconf 88' lang='lat' dir='ltr'><strong>Paulo</strong></span> <span class='ocrx_word' id='word_1_35' title='bbox 947 725 1113 803; x_wconf 85' lang='lat' dir='ltr'>tribueret,</span> <span class='ocrx_word' id='word_1_36' title='bbox 1129 725 1194 789; x_wconf 87' lang='lat' dir='ltr'><strong>hoo</strong></span> 
     </span>
     <span class='ocr_line' id='line_1_6' title="bbox 149 809 1194 900; baseline -0.005 -21"><span class='ocrx_word' id='word_1_37' title='bbox 149 813 267 879; x_wconf 86' lang='lat' dir='ltr'><strong>“ioco</strong></span> <span class='ocrx_word' id='word_1_38' title='bbox 293 814 614 881; x_wconf 75' lang='lat' dir='ltr'><strong>incommemoratum</strong></span> <span class='ocrx_word' id='word_1_39' title='bbox 637 814 712 900; x_wconf 85' lang='lat' dir='ltr'><strong>jure</strong></span> <span class='ocrx_word' id='word_1_40' title='bbox 736 813 921 890; x_wconf 87' lang='lat' dir='ltr'><strong>dimitterc;</strong></span> <span class='ocrx_word' id='word_1_41' title='bbox 949 809 1100 897; x_wconf 89' lang='lat' dir='ltr'><strong>eoquod</strong></span> <span class='ocrx_word' id='word_1_42' title='bbox 1121 811 1194 877; x_wconf 90' lang='lat' dir='ltr'><strong>He·</strong></span> 
     </span>
     <span class='ocr_line' id='line_1_7' title="bbox 148 894 1195 984; baseline -0.002 -21"><span class='ocrx_word' id='word_1_43' title='bbox 148 905 175 940; x_wconf 79' lang='lat'><strong>‘⁴</strong></span> <span class='ocrx_word' id='word_1_44' title='bbox 190 899 283 979; x_wconf 84' lang='lat' dir='ltr'><strong>braei,</strong></span> <span class='ocrx_word' id='word_1_45' title='bbox 304 901 370 965; x_wconf 90' lang='lat' dir='ltr'><strong>sive</strong></span> <span class='ocrx_word' id='word_1_46' title='bbox 390 897 716 976; x_wconf 74' lang='lat' dir='ltr'><strong>ludeo-Christiani,</strong></span> <span class='ocrx_word' id='word_1_47' title='bbox 735 898 775 962; x_wconf 92' lang='lat' dir='ltr'><strong>ad</strong></span> <span class='ocrx_word' id='word_1_48' title='bbox 798 918 882 984; x_wconf 86' lang='lat' dir='ltr'><strong>quos</strong></span> <span class='ocrx_word' id='word_1_49' title='bbox 903 897 1001 961; x_wconf 88' lang='lat' dir='ltr'><strong>missa</strong></span> <span class='ocrx_word' id='word_1_50' title='bbox 1020 906 1081 973; x_wconf 82' lang='lat' dir='ltr'><strong>est,</strong></span> <span class='ocrx_word' id='word_1_51' title='bbox 1102 894 1195 961; x_wconf 84' lang='lat' dir='ltr'><strong>mixti</strong></span> 
     </span>
     <span class='ocr_line' id='line_1_8' title="bbox 150 984 1195 1071; baseline -0.005 -22"><span class='ocrx_word' id='word_1_52' title='bbox 150 990 176 1025; x_wconf 88' lang='lat'>“</span> <span class='ocrx_word' id='word_1_53' title='bbox 191 984 326 1071; x_wconf 88' lang='lat' dir='ltr'><strong>quidem</strong></span> <span class='ocrx_word' id='word_1_54' title='bbox 339 984 476 1070; x_wconf 83' lang='lat' dir='ltr'><strong>singulis</strong></span> <span class='ocrx_word' id='word_1_55' title='bbox 489 984 776 1049; x_wconf 78' lang='lat' dir='ltr'><strong>communitatibus</strong></span> <span class='ocrx_word' id='word_1_56' title='bbox 789 996 906 1061; x_wconf 91' lang='lat' dir='ltr'><strong>essent,</strong></span> <span class='ocrx_word' id='word_1_57' title='bbox 919 1003 983 1045; x_wconf 91' lang='lat' dir='ltr'><strong>non</strong></span> <span class='ocrx_word' id='word_1_58' title='bbox 999 991 1105 1044; x_wconf 88' lang='lat' dir='ltr'><strong>tamen</strong></span> <span class='ocrx_word' id='word_1_59' title='bbox 1118 1000 1195 1066; x_wconf 88' lang='lat' dir='ltr'><strong>pro·</strong></span> 
     </span>
     <span class='ocr_line' id='line_1_9' title="bbox 149 1064 1196 1155; baseline -0.004 -21"><span class='ocrx_word' id='word_1_60' title='bbox 149 1075 176 1111; x_wconf 85' lang='lat'>“</span> <span class='ocrx_word' id='word_1_61' title='bbox 191 1068 294 1155; x_wconf 89' lang='lat' dir='ltr'><strong>priam</strong></span> <span class='ocrx_word' id='word_1_62' title='bbox 310 1067 577 1136; x_wconf 87' lang='lat' dir='ltr'><strong>constituerent.&#39;&#39;</strong></span> <span class='ocrx_word' id='word_1_63' title='bbox 615 1069 669 1133; x_wconf 92' lang='lat' dir='ltr'><strong>Sic</strong></span> <span class='ocrx_word' id='word_1_64' title='bbox 685 1067 836 1132; x_wconf 84' lang='lat' dir='ltr'><strong>disseruit</strong></span> <span class='ocrx_word' id='word_1_65' title='bbox 850 1066 916 1144; x_wconf 91' lang='lat' dir='ltr'><strong>ille,</strong></span> <span class='ocrx_word' id='word_1_66' title='bbox 931 1066 1028 1151; x_wconf 91' lang='lat' dir='ltr'><strong>idque</strong></span> <span class='ocrx_word' id='word_1_67' title='bbox 1042 1064 1196 1153; x_wconf 83' lang='lat' dir='ltr'><strong>probabi·</strong></span> 
     </span>
     <span class='ocr_line' id='line_1_10' title="bbox 149 1149 1196 1240; baseline -0.006 -20"><span class='ocrx_word' id='word_1_68' title='bbox 149 1152 239 1221; x_wconf 86' lang='lat' dir='ltr'><strong>liter.</strong></span> <span class='ocrx_word' id='word_1_69' title='bbox 276 1155 340 1219; x_wconf 85' lang='lat' dir='ltr'><strong>Sed</strong></span> <span class='ocrx_word' id='word_1_70' title='bbox 355 1155 396 1219; x_wconf 92' lang='lat' dir='ltr'><strong>de</strong></span> <span class='ocrx_word' id='word_1_71' title='bbox 409 1155 469 1219; x_wconf 87' lang='lat' dir='ltr'><strong>hac</strong></span> <span class='ocrx_word' id='word_1_72' title='bbox 484 1153 622 1240; x_wconf 88' lang='lat' dir='ltr'><strong>epistola</strong></span> <span class='ocrx_word' id='word_1_73' title='bbox 636 1153 710 1240; x_wconf 86' lang='lat' dir='ltr'><strong>plus</strong></span> <span class='ocrx_word' id='word_1_74' title='bbox 724 1153 817 1217; x_wconf 81' lang='lat' dir='ltr'><strong>infra.</strong></span> <span class='ocrx_word' id='word_1_75' title='bbox 857 1152 955 1215; x_wconf 90' lang='lat' dir='ltr'><strong>Porro</strong></span> <span class='ocrx_word' id='word_1_76' title='bbox 971 1153 1053 1214; x_wconf 90' lang='lat' dir='ltr'><strong>bene</strong></span> <span class='ocrx_word' id='word_1_77' title='bbox 1067 1149 1196 1214; x_wconf 90' lang='lat' dir='ltr'><strong>monuit</strong></span> 
     </span>
     <span class='ocr_line' id='line_1_11' title="bbox 143 1233 1196 1326; baseline -0.003 -25"><span class='ocrx_word' id='word_1_78' title='bbox 143 1236 360 1304; x_wconf 68' lang='lat' dir='ltr'><strong>Treiudaller.</strong></span> <span class='ocrx_word' id='word_1_79' title='bbox 379 1238 531 1326; x_wconf 79' lang='lat' dir='ltr'><strong>epistolas</strong></span> <span class='ocrx_word' id='word_1_80' title='bbox 551 1238 804 1326; x_wconf 79' lang='lat' dir='ltr'><strong>Apocalyptieas</strong></span> <span class='ocrx_word' id='word_1_81' title='bbox 824 1236 945 1300; x_wconf 78' lang='lat' dir='ltr'><strong>saeculo</strong></span> <span class='ocrx_word' id='word_1_82' title='bbox 965 1233 1108 1299; x_wconf 82' lang='lat' dir='ltr'><strong>secundo</strong></span> <span class='ocrx_word' id='word_1_83' title='bbox 1124 1233 1196 1321; x_wconf 86' lang='lat' dir='ltr'><strong>jam</strong></span> 
     </span>
     <span class='ocr_line' id='line_1_12' title="bbox 131 1318 1195 1408; baseline -0.007 -19"><span class='ocrx_word' id='word_1_84' title='bbox 131 1323 283 1389; x_wconf 67' lang='lat' dir='ltr'><strong>»habitas</strong></span> <span class='ocrx_word' id='word_1_85' title='bbox 301 1324 401 1390; x_wconf 84' lang='lat' dir='ltr'><strong>luisse</strong></span> <span class='ocrx_word' id='word_1_86' title='bbox 421 1323 600 1402; x_wconf 83' lang='lat' dir='ltr'><strong>catholicas,</strong></span> <span class='ocrx_word' id='word_1_87' title='bbox 615 1323 648 1387; x_wconf 93' lang='lat' dir='ltr'><strong>id</strong></span> <span class='ocrx_word' id='word_1_88' title='bbox 669 1337 729 1404; x_wconf 90' lang='lat' dir='ltr'><strong>est,</strong></span> <span class='ocrx_word' id='word_1_89' title='bbox 748 1323 839 1400; x_wconf 87' lang='lat' dir='ltr'><strong>tales,</strong></span> <span class='ocrx_word' id='word_1_90' title='bbox 855 1344 929 1408; x_wconf 80' lang='lat' dir='ltr'><strong>quae</strong></span> <span class='ocrx_word' id='word_1_91' title='bbox 951 1319 993 1384; x_wconf 87' lang='lat' dir='ltr'><strong>ad</strong></span> <span class='ocrx_word' id='word_1_92' title='bbox 1015 1318 1195 1384; x_wconf 86' lang='lat' dir='ltr'><strong>universam</strong></span> 
     </span>
     <span class='ocr_line' id='line_1_13' title="bbox 154 1402 1196 1493; baseline -0.002 -21"><span class='ocrx_word' id='word_1_93' title='bbox 154 1407 247 1491; x_wconf 56' lang='grc' dir='ltr'>(ὃλην)</span> <span class='ocrx_word' id='word_1_94' title='bbox 265 1409 433 1474; x_wconf 87' lang='lat' dir='ltr'><strong>eeclesiam</strong></span> <span class='ocrx_word' id='word_1_95' title='bbox 449 1408 579 1473; x_wconf 83' lang='lat' dir='ltr'><strong>directae</strong></span> <span class='ocrx_word' id='word_1_96' title='bbox 596 1408 724 1472; x_wconf 86' lang='lat' dir='ltr'><strong>fuerint.</strong></span> <span class='ocrx_word' id='word_1_97' title='bbox 753 1405 952 1493; x_wconf 83' lang='lat' dir='ltr'><strong>Septisormis</strong></span> <span class='ocrx_word' id='word_1_98' title='bbox 965 1404 1101 1469; x_wconf 84' lang='lat' dir='ltr'><strong>ecclesia</strong></span> <span class='ocrx_word' id='word_1_99' title='bbox 1115 1402 1196 1470; x_wconf 91' lang='lat' dir='ltr'><strong>dici-</strong></span> 
     </span>
     <span class='ocr_line' id='line_1_14' title="bbox 139 1489 1195 1579; baseline -0.003 -24"><span class='ocrx_word' id='word_1_100' title='bbox 139 1507 210 1558; x_wconf 88' lang='lat' dir='ltr'><strong>.·tur</strong></span> <span class='ocrx_word' id='word_1_101' title='bbox 228 1494 272 1557; x_wconf 86' lang='lat' dir='ltr'><strong>ab</strong></span> <span class='ocrx_word' id='word_1_102' title='bbox 289 1494 414 1579; x_wconf 90' lang='lat' dir='ltr'><strong>Optato</strong></span> <span class='ocrx_word' id='word_1_103' title='bbox 435 1494 467 1558; x_wconf 90' lang='lat' dir='ltr'><strong>in</strong></span> <span class='ocrx_word' id='word_1_104' title='bbox 488 1494 547 1558; x_wconf 86' lang='lat' dir='ltr'><strong>lib.</strong></span> <span class='ocrx_word' id='word_1_105' title='bbox 560 1493 596 1557; x_wconf 91' lang='lat' dir='ltr'><strong>ii.</strong></span> <span class='ocrx_word' id='word_1_106' title='bbox 615 1493 668 1558; x_wconf 90' lang='lat' dir='ltr'><strong>De</strong></span> <span class='ocrx_word' id='word_1_107' title='bbox 688 1491 860 1579; x_wconf 75' lang='lat' dir='ltr'><strong>schismate</strong></span> <span class='ocrx_word' id='word_1_108' title='bbox 880 1490 1041 1555; x_wconf 84' lang='lat' dir='ltr'><strong>Donatisl.</strong></span> <span class='ocrx_word' id='word_1_109' title='bbox 1064 1510 1137 1575; x_wconf 89' lang='lat' dir='ltr'><strong>cap.</strong></span> <span class='ocrx_word' id='word_1_110' title='bbox 1151 1489 1195 1554; x_wconf 92' lang='lat' dir='ltr'><strong>iii.</strong></span> 
     </span>
     <span class='ocr_line' id='line_1_15' title="bbox 144 1575 1196 1664; baseline -0.005 -21"><span class='ocrx_word' id='word_1_111' title='bbox 144 1591 293 1664; x_wconf 54' lang='lat' dir='ltr'><strong>pamas.</strong></span> <span class='ocrx_word' id='word_1_112' title='bbox 308 1577 360 1642; x_wconf 90' lang='lat' dir='ltr'><strong>ed.</strong></span> <span class='ocrx_word' id='word_1_113' title='bbox 373 1579 507 1664; x_wconf 76' lang='lat' dir='ltr'><strong>Dupin.</strong></span> <span class='ocrx_word' id='word_1_114' title='bbox 535 1580 586 1643; x_wconf 93' lang='lat' dir='ltr'><strong>Ut</strong></span> <span class='ocrx_word' id='word_1_115' title='bbox 598 1600 672 1643; x_wconf 90' lang='lat' dir='ltr'><strong>vero</strong></span> <span class='ocrx_word' id='word_1_116' title='bbox 686 1579 777 1643; x_wconf 87' lang='lat' dir='ltr'><strong>locos</strong></span> <span class='ocrx_word' id='word_1_117' title='bbox 792 1577 942 1641; x_wconf 85' lang='lat' dir='ltr'><strong>omittam</strong></span> <span class='ocrx_word' id='word_1_118' title='bbox 956 1575 1094 1639; x_wconf 91' lang='lat' dir='ltr'><strong>aliorum</strong></span> <span class='ocrx_word' id='word_1_119' title='bbox 1109 1586 1196 1640; x_wconf 62' lang='lat' dir='ltr'><strong>vete*-</strong></span> 
     </span>
     <span class='ocr_line' id='line_1_16' title="bbox 151 1659 1198 1751; baseline -0.003 -24"><span class='ocrx_word' id='word_1_120' title='bbox 151 1684 228 1727; x_wconf 86' lang='lat' dir='ltr'><strong>mm</strong></span> <span class='ocrx_word' id='word_1_121' title='bbox 241 1662 447 1749; x_wconf 84' lang='lat' dir='ltr'><strong>scriptorum,</strong></span> <span class='ocrx_word' id='word_1_122' title='bbox 459 1663 604 1751; x_wconf 87' lang='lat' dir='ltr'><strong>quicum</strong></span> <span class='ocrx_word' id='word_1_123' title='bbox 617 1663 805 1749; x_wconf 84' lang='lat' dir='ltr'><strong>Augustino</strong></span> <span class='ocrx_word' id='word_1_124' title='bbox 817 1661 849 1725; x_wconf 91' lang='lat' dir='ltr'><strong>in</strong></span> <span class='ocrx_word' id='word_1_125' title='bbox 862 1660 920 1726; x_wconf 92' lang='lat' dir='ltr'><strong>lib.</strong></span> <span class='ocrx_word' id='word_1_126' title='bbox 934 1661 985 1725; x_wconf 86' lang='lat' dir='ltr'><strong>vii.</strong></span> <span class='ocrx_word' id='word_1_127' title='bbox 996 1662 1048 1724; x_wconf 90' lang='lat' dir='ltr'><strong>De</strong></span> <span class='ocrx_word' id='word_1_128' title='bbox 1061 1659 1198 1724; x_wconf 76' lang='lat' dir='ltr'><strong>Ciuitate</strong></span> 
     </span>
     <span class='ocr_line' id='line_1_17' title="bbox 151 1743 1197 1833; baseline -0.004 -21"><span class='ocrx_word' id='word_1_129' title='bbox 151 1746 349 1833; x_wconf 61' lang='lat' dir='ltr'><strong>Decepi.</strong></span> <span class='ocrx_word' id='word_1_130' title='bbox 371 1759 530 1827; x_wconf 85' lang='lat' dir='ltr'><strong>statuunt,</strong></span> <span class='ocrx_word' id='word_1_131' title='bbox 550 1771 675 1812; x_wconf 87' lang='lat' dir='ltr'><strong>numero</strong></span> <span class='ocrx_word' id='word_1_132' title='bbox 695 1745 867 1833; x_wconf 85' lang='lat' dir='ltr'><strong>septenario</strong></span> <span class='ocrx_word' id='word_1_133' title='bbox 887 1746 1042 1810; x_wconf 79' lang='lat' dir='ltr'><strong>universae</strong></span> <span class='ocrx_word' id='word_1_134' title='bbox 1060 1743 1197 1809; x_wconf 87' lang='lat' dir='ltr'><strong>ecelesiae</strong></span> 
     </span>
     <span class='ocr_line' id='line_1_18' title="bbox 147 1830 1197 1931; baseline 0 -37"><span class='ocrx_word' id='word_1_135' title='bbox 147 1869 150 1873; x_wconf 96' lang='lat'>-</span> <span class='ocrx_word' id='word_1_136' title='bbox 173 1831 181 1845; x_wconf 90' lang='lat'>&#39;</span> <span class='ocrx_word' id='word_1_137' title='bbox 204 1830 365 1931; x_wconf 54' lang='lat' dir='ltr'><strong>aestuatum</strong></span> <span class='ocrx_word' id='word_1_138' title='bbox 383 1855 447 1896; x_wconf 88' lang='lat' dir='ltr'><strong>esse</strong></span> <span class='ocrx_word' id='word_1_139' title='bbox 465 1833 775 1919; x_wconf 75' lang='lat' dir='ltr'><strong>perfectionem-hoc</strong></span> <span class='ocrx_word' id='word_1_140' title='bbox 793 1844 919 1896; x_wconf 89' lang='lat' dir='ltr'><strong>tanturn</strong></span> <span class='ocrx_word' id='word_1_141' title='bbox 936 1830 1069 1910; x_wconf 85' lang='lat' dir='ltr'><strong>notabo,</strong></span> <span class='ocrx_word' id='word_1_142' title='bbox 1082 1832 1197 1896; x_wconf 84' lang='lat' dir='ltr'><strong>lesum</strong></span> 
     </span>
     <span class='ocr_line' id='line_1_19' title="bbox 148 1911 1197 2018; baseline -0.001 -37"><span class='ocrx_word' id='word_1_143' title='bbox 148 1915 184 1981; x_wconf 86' lang='lat' dir='ltr'>C</span> <span class='ocrx_word' id='word_1_144' title='bbox 208 1931 335 1996; x_wconf 81' lang='lat' dir='ltr'><strong>natum,</strong></span> <span class='ocrx_word' id='word_1_145' title='bbox 348 1918 404 2004; x_wconf 91' lang='lat' dir='ltr'><strong>qui</strong></span> <span class='ocrx_word' id='word_1_146' title='bbox 417 1919 451 1982; x_wconf 88' lang='lat' dir='ltr'><strong>in</strong></span> <span class='ocrx_word' id='word_1_147' title='bbox 466 1918 612 1983; x_wconf 91' lang='lat' dir='ltr'><strong>omnium</strong></span> <span class='ocrx_word' id='word_1_148' title='bbox 629 1918 740 2018; x_wconf 86' lang='lat' dir='ltr'><strong>procul</strong></span> <span class='ocrx_word' id='word_1_149' title='bbox 755 1914 854 1982; x_wconf 93' lang='lat' dir='ltr'><strong>dubio</strong></span> <span class='ocrx_word' id='word_1_150' title='bbox 868 1916 1075 1981; x_wconf 87' lang='lat' dir='ltr'><strong>ecclesiarum</strong></span> <span class='ocrx_word' id='word_1_151' title='bbox 1086 1911 1197 2003; x_wconf 78' lang='lat' dir='ltr'><strong>medio</strong></span> 
     </span>
     <span class='ocr_line' id='line_1_20' title="bbox 253 2001 1195 2088; baseline -0.001 -22"><span class='ocrx_word' id='word_1_152' title='bbox 253 2014 313 2067; x_wconf 89' lang='lat' dir='ltr'><strong>tuo</strong></span> <span class='ocrx_word' id='word_1_153' title='bbox 331 2015 484 2083; x_wconf 83' lang='lat' dir='ltr'><strong>uersatur,</strong></span> <span class='ocrx_word' id='word_1_154' title='bbox 505 2003 538 2067; x_wconf 93' lang='lat' dir='ltr'><strong>in</strong></span> <span class='ocrx_word' id='word_1_155' title='bbox 556 2002 665 2067; x_wconf 83' lang='lat' dir='ltr'><strong>medio</strong></span> <span class='ocrx_word' id='word_1_156' title='bbox 683 2015 805 2088; x_wconf 85' lang='lat' dir='ltr'><strong>septem</strong></span> <span class='ocrx_word' id='word_1_157' title='bbox 827 2001 1103 2081; x_wconf 88' lang='lat' dir='ltr'><strong>candelabrarum,</strong></span> <span class='ocrx_word' id='word_1_158' title='bbox 1118 2001 1152 2066; x_wconf 86' lang='lat' dir='ltr'><strong>h.</strong></span> <span class='ocrx_word' id='word_1_159' title='bbox 1165 2021 1195 2067; x_wconf 87' lang='lat' dir='ltr'><strong>e.</strong></span> 
     </span>
     <span class='ocr_line' id='line_1_21' title="bbox 152 2078 1195 2235; baseline 0 -85"><span class='ocrx_word' id='word_1_160' title='bbox 152 2104 210 2150; x_wconf 90' lang='lat' dir='ltr'><strong>ecc</strong></span> <span class='ocrx_word' id='word_1_161' title='bbox 222 2084 376 2165; x_wconf 83' lang='lat' dir='ltr'><strong>esiarum,</strong></span> <span class='ocrx_word' id='word_1_162' title='bbox 389 2078 498 2152; x_wconf 83' lang='lat' dir='ltr'><strong>-visum</strong></span> <span class='ocrx_word' id='word_1_163' title='bbox 519 2109 591 2152; x_wconf 89' lang='lat' dir='ltr'><strong>esse</strong></span> <span class='ocrx_word' id='word_1_164' title='bbox 614 2110 634 2151; x_wconf 85' lang='lat' dir='ltr'><strong>a</strong></span> <span class='ocrx_word' id='word_1_165' title='bbox 654 2090 780 2153; x_wconf 87' lang='lat' dir='ltr'><strong>Joanne</strong></span> <span class='ocrx_word' id='word_1_166' title='bbox 806 2088 839 2151; x_wconf 91' lang='lat' dir='ltr'><strong>in</strong></span> <span class='ocrx_word' id='word_1_167' title='bbox 859 2085 1064 2174; x_wconf 80' lang='lat' dir='ltr'><strong>Apocalypsi,</strong></span> <span class='ocrx_word' id='word_1_168' title='bbox 1085 2107 1157 2235; x_wconf 77' lang='lat' dir='ltr'><strong>cap.</strong></span> <span class='ocrx_word' id='word_1_169' title='bbox 1172 2086 1195 2151; x_wconf 88' lang='lat' dir='ltr'><strong>i.</strong></span> 
     </span>
     <span class='ocr_line' id='line_1_22' title="bbox 149 2170 1197 2238; baseline 0 -3"><span class='ocrx_word' id='word_1_170' title='bbox 149 2191 276 2235; x_wconf 87' lang='lat' dir='ltr'><strong>comm.</strong></span> <span class='ocrx_word' id='word_1_171' title='bbox 293 2185 340 2236; x_wconf 85' lang='lat'><strong>13.</strong></span> <span class='ocrx_word' id='word_1_172' title='bbox 362 2173 435 2236; x_wconf 90' lang='lat' dir='ltr'><strong>Jam</strong></span> <span class='ocrx_word' id='word_1_173' title='bbox 450 2195 524 2238; x_wconf 85' lang='lat' dir='ltr'><strong>vero</strong></span> <span class='ocrx_word' id='word_1_174' title='bbox 538 2172 698 2237; x_wconf 84' lang='lat' dir='ltr'><strong>afferenda</strong></span> <span class='ocrx_word' id='word_1_175' title='bbox 712 2173 792 2236; x_wconf 90' lang='lat' dir='ltr'><strong>mihi</strong></span> <span class='ocrx_word' id='word_1_176' title='bbox 807 2183 882 2237; x_wconf 87' lang='lat' dir='ltr'><strong>sunt</strong></span> <span class='ocrx_word' id='word_1_177' title='bbox 895 2171 985 2236; x_wconf 89' lang='lat' dir='ltr'><strong>valde</strong></span> <span class='ocrx_word' id='word_1_178' title='bbox 999 2170 1107 2236; x_wconf 87' lang='lat' dir='ltr'><strong>affinia</strong></span> <span class='ocrx_word' id='word_1_179' title='bbox 1144 2170 1197 2236; x_wconf 89' lang='lat' dir='ltr'><strong>uic</strong></span> 
     </span>
     <span class='ocr_line' id='line_1_23' title="bbox 145 2256 1197 2343; baseline 0.002 -24"><span class='ocrx_word' id='word_1_180' title='bbox 145 2256 258 2321; x_wconf 81' lang='lat' dir='ltr'><strong>nostri</strong></span> <span class='ocrx_word' id='word_1_181' title='bbox 272 2258 458 2342; x_wconf 85' lang='lat' dir='ltr'><strong>Fragmenti</strong></span> <span class='ocrx_word' id='word_1_182' title='bbox 472 2258 546 2322; x_wconf 91' lang='lat' dir='ltr'><strong>loco</strong></span> <span class='ocrx_word' id='word_1_183' title='bbox 561 2258 719 2322; x_wconf 85' lang='lat' dir='ltr'><strong>Victorini</strong></span> <span class='ocrx_word' id='word_1_184' title='bbox 732 2258 839 2336; x_wconf 87' lang='lat' dir='ltr'><strong>verba,</strong></span> <span class='ocrx_word' id='word_1_185' title='bbox 855 2279 928 2343; x_wconf 86' lang='lat' dir='ltr'><strong>quae</strong></span> <span class='ocrx_word' id='word_1_186' title='bbox 943 2278 982 2321; x_wconf 85' lang='lat' dir='ltr'><strong>ex</strong></span> <span class='ocrx_word' id='word_1_187' title='bbox 1000 2256 1197 2321; x_wconf 80' lang='lat' dir='ltr'><strong>Comumnta·</strong></span> 
     </span>
     <span class='ocr_line' id='line_1_24' title="bbox 137 2339 1198 2429; baseline -0.003 -22"><span class='ocrx_word' id='word_1_188' title='bbox 137 2339 199 2413; x_wconf 68' lang='lat' dir='ltr'><strong>‚cio</strong></span> <span class='ocrx_word' id='word_1_189' title='bbox 225 2339 260 2404; x_wconf 86' lang='lat' dir='ltr'><strong>in</strong></span> <span class='ocrx_word' id='word_1_190' title='bbox 280 2341 506 2427; x_wconf 79' lang='lat' dir='ltr'><strong>Apocalypsin</strong></span> <span class='ocrx_word' id='word_1_191' title='bbox 527 2343 558 2406; x_wconf 91' lang='lat' dir='ltr'><strong>ei</strong></span> <span class='ocrx_word' id='word_1_192' title='bbox 579 2342 742 2429; x_wconf 88' lang='lat' dir='ltr'><strong>adscripto</strong></span> <span class='ocrx_word' id='word_1_193' title='bbox 765 2341 940 2428; x_wconf 87' lang='lat' dir='ltr'><strong>desumpsi.</strong></span> <span class='ocrx_word' id='word_1_194' title='bbox 980 2341 1017 2406; x_wconf 88' lang='lat' dir='ltr'><strong>In</strong></span> <span class='ocrx_word' id='word_1_195' title='bbox 1042 2353 1104 2406; x_wconf 84' lang='lat' dir='ltr'><strong>toto</strong></span> <span class='ocrx_word' id='word_1_196' title='bbox 1127 2339 1198 2405; x_wconf 85' lang='lat' dir='ltr'><strong>urle</strong></span> 
     </span>
     <span class='ocr_line' id='line_1_25' title="bbox 147 2424 1196 2510; baseline 0 -21"><span class='ocrx_word' id='word_1_197' title='bbox 147 2434 271 2510; x_wconf 79' lang='lat' dir='ltr'><strong>septem</strong></span> <span class='ocrx_word' id='word_1_198' title='bbox 296 2424 437 2491; x_wconf 86' lang='lat' dir='ltr'><strong>ecclesias</strong></span> <span class='ocrx_word' id='word_1_199' title='bbox 461 2449 564 2491; x_wconf 89' lang='lat' dir='ltr'><strong>omnes</strong></span> <span class='ocrx_word' id='word_1_200' title='bbox 588 2450 662 2506; x_wconf 91' lang='lat' dir='ltr'><strong>esse,</strong></span> <span class='ocrx_word' id='word_1_201' title='bbox 686 2438 719 2491; x_wconf 83' lang='lat' dir='ltr'><strong>et</strong></span> <span class='ocrx_word' id='word_1_202' title='bbox 742 2438 858 2510; x_wconf 81' lang='lat' dir='ltr'><strong>septem</strong></span> <span class='ocrx_word' id='word_1_203' title='bbox 884 2425 1072 2502; x_wconf 86' lang='lat' dir='ltr'><strong>nominatos,</strong></span> <span class='ocrx_word' id='word_1_204' title='bbox 1099 2446 1196 2490; x_wconf 89' lang='lat' dir='ltr'><strong>unam</strong></span> 
     </span>
     <span class='ocr_line' id='line_1_26' title="bbox 151 2507 1197 2601; baseline -0.001 -26"><span class='ocrx_word' id='word_1_205' title='bbox 151 2531 218 2575; x_wconf 86' lang='lat' dir='ltr'><strong>esse</strong></span> <span class='ocrx_word' id='word_1_206' title='bbox 241 2509 426 2575; x_wconf 84' lang='lat' dir='ltr'><strong>catholicam</strong></span> <span class='ocrx_word' id='word_1_207' title='bbox 448 2509 583 2577; x_wconf 81' lang='lat' dir='ltr'><strong>Paullus</strong></span> <span class='ocrx_word' id='word_1_208' title='bbox 606 2512 721 2601; x_wconf 84' lang='lat' dir='ltr'><strong>docuit.</strong></span> <span class='ocrx_word' id='word_1_209' title='bbox 763 2512 811 2574; x_wconf 83' lang='lat' dir='ltr'><strong>Et</strong></span> <span class='ocrx_word' id='word_1_210' title='bbox 834 2511 973 2596; x_wconf 87' lang='lat' dir='ltr'><strong>primum</strong></span> <span class='ocrx_word' id='word_1_211' title='bbox 996 2507 1148 2596; x_wconf 67' lang='lat' dir='ltr'><strong>quidem,</strong></span> <span class='ocrx_word' id='word_1_212' title='bbox 1161 2520 1197 2574; x_wconf 83' lang='lat' dir='ltr'><strong>ut</strong></span> 
     </span>
     <span class='ocr_line' id='line_1_27' title="bbox 154 2594 1195 2683; baseline 0.001 -25"><span class='ocrx_word' id='word_1_213' title='bbox 154 2605 292 2659; x_wconf 83' lang='lat' dir='ltr'><strong>serua-rel</strong></span> <span class='ocrx_word' id='word_1_214' title='bbox 307 2606 338 2659; x_wconf 83' lang='lat' dir='ltr'><strong>et</strong></span> <span class='ocrx_word' id='word_1_215' title='bbox 353 2596 418 2680; x_wconf 90' lang='lat' dir='ltr'><strong>ipse</strong></span> <span class='ocrx_word' id='word_1_216' title='bbox 432 2605 542 2682; x_wconf 79' lang='lat' dir='ltr'><strong>typum</strong></span> <span class='ocrx_word' id='word_1_217' title='bbox 563 2606 678 2681; x_wconf 84' lang='lat' dir='ltr'><strong>septem</strong></span> <span class='ocrx_word' id='word_1_218' title='bbox 692 2594 903 2672; x_wconf 86' lang='lat' dir='ltr'><strong>ecclesiarum,</strong></span> <span class='ocrx_word' id='word_1_219' title='bbox 918 2616 980 2658; x_wconf 89' lang='lat' dir='ltr'><strong>nun</strong></span> <span class='ocrx_word' id='word_1_220' title='bbox 994 2594 1122 2681; x_wconf 79' lang='lat' dir='ltr'><strong>sucessit</strong></span> <span class='ocrx_word' id='word_1_221' title='bbox 1135 2616 1195 2683; x_wconf 83' lang='lat' dir='ltr'><strong>nu·</strong></span> 
     </span>
     <span class='ocr_line' id='line_1_28' title="bbox 155 2676 1197 2766; baseline -0.001 -23"><span class='ocrx_word' id='word_1_222' title='bbox 155 2700 287 2744; x_wconf 80' lang='lat' dir='ltr'><strong>merum.</strong></span> <span class='ocrx_word' id='word_1_223' title='bbox 325 2681 387 2746; x_wconf 85' lang='lat' dir='ltr'><strong>Sed</strong></span> <span class='ocrx_word' id='word_1_224' title='bbox 400 2680 523 2766; x_wconf 81' lang='lat' dir='ltr'><strong>scripsit</strong></span> <span class='ocrx_word' id='word_1_225' title='bbox 538 2681 581 2744; x_wconf 90' lang='lat' dir='ltr'><strong>ad</strong></span> <span class='ocrx_word' id='word_1_226' title='bbox 597 2682 759 2758; x_wconf 81' lang='lat' dir='ltr'><strong>Rornanos,</strong></span> <span class='ocrx_word' id='word_1_227' title='bbox 776 2679 817 2743; x_wconf 87' lang='lat' dir='ltr'><strong>ad</strong></span> <span class='ocrx_word' id='word_1_228' title='bbox 834 2676 1019 2756; x_wconf 84' lang='lat' dir='ltr'><strong>Corinthios,</strong></span> <span class='ocrx_word' id='word_1_229' title='bbox 1035 2679 1078 2743; x_wconf 87' lang='lat' dir='ltr'><strong>ad</strong></span> <span class='ocrx_word' id='word_1_230' title='bbox 1094 2677 1197 2743; x_wconf 82' lang='lat' dir='ltr'><strong>Gala-</strong></span> 
     </span>
     <span class='ocr_line' id='line_1_29' title="bbox 154 2763 1199 2850; baseline 0.001 -22"><span class='ocrx_word' id='word_1_231' title='bbox 154 2775 216 2843; x_wconf 83' lang='lat' dir='ltr'><strong>tas,</strong></span> <span class='ocrx_word' id='word_1_232' title='bbox 230 2763 273 2828; x_wconf 91' lang='lat' dir='ltr'><strong>ad</strong></span> <span class='ocrx_word' id='word_1_233' title='bbox 291 2763 456 2850; x_wconf 84' lang='lat' dir='ltr'><strong>Ephesios,</strong></span> <span class='ocrx_word' id='word_1_234' title='bbox 477 2765 519 2829; x_wconf 87' lang='lat' dir='ltr'><strong>ad</strong></span> <span class='ocrx_word' id='word_1_235' title='bbox 540 2764 828 2850; x_wconf 75' lang='lat' dir='ltr'><strong>Thessalonicenses,</strong></span> <span class='ocrx_word' id='word_1_236' title='bbox 847 2765 888 2828; x_wconf 86' lang='lat' dir='ltr'><strong>ad</strong></span> <span class='ocrx_word' id='word_1_237' title='bbox 907 2763 1135 2849; x_wconf 72' lang='lat' dir='ltr'><strong>Philippenses,</strong></span> <span class='ocrx_word' id='word_1_238' title='bbox 1156 2765 1199 2829; x_wconf 84' lang='lat' dir='ltr'><strong>ad</strong></span> 
     </span>
     <span class='ocr_line' id='line_1_30' title="bbox 155 2849 1197 2937; baseline 0 -23"><span class='ocrx_word' id='word_1_239' title='bbox 155 2849 355 2915; x_wconf 72' lang='lat' dir='ltr'><strong>colossenses.</strong></span> <span class='ocrx_word' id='word_1_240' title='bbox 392 2852 506 2914; x_wconf 87' lang='lat' dir='ltr'><strong>Postea</strong></span> <span class='ocrx_word' id='word_1_241' title='bbox 514 2849 733 2936; x_wconf 43' lang='lat' dir='ltr'><strong>,singularibus</strong></span> <span class='ocrx_word' id='word_1_242' title='bbox 750 2849 890 2937; x_wconf 80' lang='lat' dir='ltr'><strong>personis</strong></span> <span class='ocrx_word' id='word_1_243' title='bbox 904 2849 1039 2934; x_wconf 83' lang='lat' dir='ltr'><strong>scripsit,</strong></span> <span class='ocrx_word' id='word_1_244' title='bbox 1055 2871 1094 2913; x_wconf 89' lang='lat' dir='ltr'><strong>ne</strong></span> <span class='ocrx_word' id='word_1_245' title='bbox 1107 2852 1197 2914; x_wconf 78' lang='lat' dir='ltr'><strong>euice-</strong></span> 
     </span>
     <span class='ocr_line' id='line_1_31' title="bbox 146 2933 1197 3020; baseline 0.001 -22"><span class='ocrx_word' id='word_1_246' title='bbox 146 2933 241 2998; x_wconf 82' lang='lat' dir='ltr'><strong>deret</strong></span> <span class='ocrx_word' id='word_1_247' title='bbox 261 2935 385 2999; x_wconf 86' lang='lat' dir='ltr'><strong>modam</strong></span> <span class='ocrx_word' id='word_1_248' title='bbox 407 2946 522 3020; x_wconf 87' lang='lat' dir='ltr'><strong>septem</strong></span> <span class='ocrx_word' id='word_1_249' title='bbox 543 2934 751 3000; x_wconf 88' lang='lat' dir='ltr'><strong>ecclesiarum.</strong></span> <span class='ocrx_word' id='word_1_250' title='bbox 786 2936 833 2998; x_wconf 85' lang='lat' dir='ltr'><strong>Et</strong></span> <span class='ocrx_word' id='word_1_251' title='bbox 857 2935 890 2998; x_wconf 91' lang='lat' dir='ltr'><strong>in</strong></span> <span class='ocrx_word' id='word_1_252' title='bbox 912 2934 995 2998; x_wconf 77' lang='lat' dir='ltr'><strong>laeui</strong></span> <span class='ocrx_word' id='word_1_253' title='bbox 1016 2933 1197 2999; x_wconf 83' lang='lat' dir='ltr'><strong>contrahens</strong></span> 
     </span>
     <span class='ocr_line' id='line_1_32' title="bbox 148 3008 1197 3106; baseline 0 -23"><span class='ocrx_word' id='word_1_254' title='bbox 148 3019 408 3103; x_wconf 74' lang='lat' dir='ltr'><strong>praedicationum</strong></span> <span class='ocrx_word' id='word_1_255' title='bbox 421 3042 510 3084; x_wconf 88' lang='lat' dir='ltr'><strong>suam</strong></span> <span class='ocrx_word' id='word_1_256' title='bbox 524 3008 568 3084; x_wconf 86' lang='lat' dir='ltr'><strong>od</strong></span> <span class='ocrx_word' id='word_1_257' title='bbox 581 3020 773 3084; x_wconf 73' lang='lat' dir='ltr'><strong>Timotheum</strong></span> <span class='ocrx_word' id='word_1_258' title='bbox 788 3019 833 3083; x_wconf 89' lang='lat' dir='ltr'><strong>sic</strong></span> <span class='ocrx_word' id='word_1_259' title='bbox 847 3020 905 3098; x_wconf 83' lang='lat' dir='ltr'><strong>ait,</strong></span> <span class='ocrx_word' id='word_1_260' title='bbox 920 3020 969 3084; x_wconf 90' lang='lat' dir='ltr'><strong>Ut</strong></span> <span class='ocrx_word' id='word_1_261' title='bbox 984 3018 1077 3099; x_wconf 86' lang='lat' dir='ltr'><strong>scias,</strong></span> <span class='ocrx_word' id='word_1_262' title='bbox 1092 3020 1197 3106; x_wconf 81' lang='lat' dir='ltr'><strong>quali·-</strong></span> 
     </span>
     <span class='ocr_line' id='line_1_33' title="bbox 146 3103 1193 3193; baseline 0 -25"><span class='ocrx_word' id='word_1_263' title='bbox 146 3103 336 3170; x_wconf 77' lang='lat' dir='ltr'><strong>teedebeas</strong></span> <span class='ocrx_word' id='word_1_264' title='bbox 351 3106 530 3170; x_wconf 86' lang='lat' dir='ltr'><strong>conversari</strong></span> <span class='ocrx_word' id='word_1_265' title='bbox 549 3104 583 3169; x_wconf 92' lang='lat' dir='ltr'><strong>in</strong></span> <span class='ocrx_word' id='word_1_266' title='bbox 600 3106 736 3170; x_wconf 87' lang='lat' dir='ltr'><strong>ecclesia</strong></span> <span class='ocrx_word' id='word_1_267' title='bbox 748 3104 814 3169; x_wconf 89' lang='lat' dir='ltr'><strong>Dei</strong></span> <span class='ocrx_word' id='word_1_268' title='bbox 829 3104 898 3170; x_wconf 88' lang='lat' dir='ltr'><strong>vivi.</strong></span> <span class='ocrx_word' id='word_1_269' title='bbox 924 3108 952 3188; x_wconf 90' lang='lat'><strong>(1</strong></span> <span class='ocrx_word' id='word_1_270' title='bbox 967 3104 1053 3169; x_wconf 90' lang='lat' dir='ltr'><strong>Tim.</strong></span> <span class='ocrx_word' id='word_1_271' title='bbox 1068 3103 1113 3193; x_wconf 84' lang='lat' dir='ltr'><strong>iii.</strong></span> <span class='ocrx_word' id='word_1_272' title='bbox 1131 3106 1193 3193; x_wconf 76' lang='lat' dir='ltr'><strong>ts.)</strong></span> 
     </span>
     <span class='ocr_line' id='line_1_34' title="bbox 145 3186 1198 3278; baseline 0 -25"><span class='ocrx_word' id='word_1_273' title='bbox 145 3188 241 3253; x_wconf 76' lang='lat' dir='ltr'><strong>Haec</strong></span> <span class='ocrx_word' id='word_1_274' title='bbox 254 3190 452 3268; x_wconf 79' lang='lat' dir='ltr'><strong>Victorinus,</strong></span> <span class='ocrx_word' id='word_1_275' title='bbox 467 3213 538 3277; x_wconf 88' lang='lat' dir='ltr'><strong>cap.</strong></span> <span class='ocrx_word' id='word_1_276' title='bbox 553 3186 581 3254; x_wconf 71' lang='grc' dir='ltr'><strong>ιζ</strong></span> <span class='ocrx_word' id='word_1_277' title='bbox 615 3191 776 3276; x_wconf 88' lang='lat' dir='ltr'><strong>Denique,</strong></span> <span class='ocrx_word' id='word_1_278' title='bbox 792 3190 871 3278; x_wconf 90' lang='lat' dir='ltr'><strong>dum</strong></span> <span class='ocrx_word' id='word_1_279' title='bbox 888 3212 1040 3254; x_wconf 82' lang='lat' dir='ltr'><strong>numerus</strong></span> <span class='ocrx_word' id='word_1_280' title='bbox 1056 3189 1109 3253; x_wconf 89' lang='lat' dir='ltr'><strong>hio</strong></span> <span class='ocrx_word' id='word_1_281' title='bbox 1122 3210 1198 3277; x_wconf 86' lang='lat' dir='ltr'><strong>sep·</strong></span> 
     </span>
     <span class='ocr_line' id='line_1_35' title="bbox 147 3274 1196 3361; baseline 0 -23"><span class='ocrx_word' id='word_1_282' title='bbox 147 3274 295 3345; x_wconf 64' lang='lat' dir='ltr'><strong>maasias</strong></span> <span class='ocrx_word' id='word_1_283' title='bbox 316 3274 400 3339; x_wconf 90' lang='lat' dir='ltr'><strong>inter</strong></span> <span class='ocrx_word' id='word_1_284' title='bbox 419 3289 540 3341; x_wconf 88' lang='lat' dir='ltr'><strong>veteres</strong></span> <span class='ocrx_word' id='word_1_285' title='bbox 564 3274 797 3361; x_wconf 83' lang='lat' dir='ltr'><strong>Pythagoricos</strong></span> <span class='ocrx_word' id='word_1_286' title='bbox 820 3287 887 3339; x_wconf 92' lang='lat' dir='ltr'><strong>tam</strong></span> <span class='ocrx_word' id='word_1_287' title='bbox 909 3276 1072 3361; x_wconf 86' lang='lat' dir='ltr'><strong>perfectus</strong></span> <span class='ocrx_word' id='word_1_288' title='bbox 1097 3295 1196 3359; x_wconf 88' lang='lat' dir='ltr'><strong>quam</strong></span> 
     </span>
     <span class='ocr_line' id='line_1_36' title="bbox 149 3357 1195 3447; baseline -0.001 -24"><span class='ocrx_word' id='word_1_289' title='bbox 149 3357 302 3444; x_wconf 75' lang='lat' dir='ltr'><strong>religioni</strong></span> <span class='ocrx_word' id='word_1_290' title='bbox 316 3359 500 3445; x_wconf 84' lang='lat' dir='ltr'><strong>aptissimus</strong></span> <span class='ocrx_word' id='word_1_291' title='bbox 514 3360 705 3438; x_wconf 85' lang='lat' dir='ltr'><strong>habebatur,</strong></span> <span class='ocrx_word' id='word_1_292' title='bbox 721 3360 808 3425; x_wconf 89' lang='lat' dir='ltr'><strong>unde</strong></span> <span class='ocrx_word' id='word_1_293' title='bbox 822 3359 966 3446; x_wconf 80' lang='lat' dir='ltr'><strong>Etymol.</strong></span> <span class='ocrx_word' id='word_1_294' title='bbox 986 3361 1103 3447; x_wconf 85' lang='lat' dir='ltr'><strong>Magn.</strong></span> <span class='ocrx_word' id='word_1_295' title='bbox 1122 3360 1195 3422; x_wconf 76' lang='lat' dir='ltr'><strong>‘En-</strong></span> 
     </span>
     <span class='ocr_line' id='line_1_37' title="bbox 150 3441 1195 3532; baseline 0.001 -27"><span class='ocrx_word' id='word_1_296' title='bbox 150 3444 218 3521; x_wconf 73' lang='grc' dir='ltr'><strong>τᾶς,</strong></span> <span class='ocrx_word' id='word_1_297' title='bbox 231 3442 286 3507; x_wconf 66' lang='lat' dir='ltr'><strong>huso*</strong></span> <span class='ocrx_word' id='word_1_298' title='bbox 299 3450 336 3507; x_wconf 73' lang='grc' dir='ltr'><strong>τᾶ</strong></span> <span class='ocrx_word' id='word_1_299' title='bbox 350 3442 435 3522; x_wconf 62' lang='lat' dir='ltr'><strong>cido),</strong></span> <span class='ocrx_word' id='word_1_300' title='bbox 446 3445 542 3519; x_wconf 73' lang='grc' dir='ltr'><strong><em>σεπῑάς</em></strong></span> <span class='ocrx_word' id='word_1_301' title='bbox 552 3471 594 3518; x_wconf 75' lang='grc' dir='ltr'><strong>τις</strong></span> <span class='ocrx_word' id='word_1_302' title='bbox 607 3441 676 3523; x_wconf 76' lang='lat' dir='ltr'><strong>lca,</strong></span> <span class='ocrx_word' id='word_1_303' title='bbox 691 3448 726 3520; x_wconf 78' lang='grc' dir='ltr'><strong>ὠς</strong></span> <span class='ocrx_word' id='word_1_304' title='bbox 741 3445 849 3531; x_wconf 57' lang='lat' dir='ltr'><strong>delesti,</strong></span> <span class='ocrx_word' id='word_1_305' title='bbox 865 3445 992 3532; x_wconf 68' lang='grc' dir='ltr'><strong>ἀμήτωρ,</strong></span> <span class='ocrx_word' id='word_1_306' title='bbox 1006 3445 1029 3530; x_wconf 79' lang='lat' dir='ltr'><strong>’lt</strong></span> <span class='ocrx_word' id='word_1_307' title='bbox 1042 3443 1195 3528; x_wconf 65' lang='lat' dir='ltr'><strong>vaip-lesos,</strong></span> 
     </span>
     <span class='ocr_line' id='line_1_38' title="bbox 151 3524 1196 3617; baseline 0.002 -27"><span class='ocrx_word' id='word_1_308' title='bbox 151 3524 272 3592; x_wconf 82' lang='lat' dir='ltr'><strong>similia</strong></span> <span class='ocrx_word' id='word_1_309' title='bbox 285 3541 426 3593; x_wconf 86' lang='lat' dir='ltr'><strong>sectatus</strong></span> <span class='ocrx_word' id='word_1_310' title='bbox 441 3529 564 3617; x_wconf 87' lang='lat' dir='ltr'><strong>Glycas</strong></span> <span class='ocrx_word' id='word_1_311' title='bbox 573 3530 609 3593; x_wconf 90' lang='lat' dir='ltr'><strong>in</strong></span> <span class='ocrx_word' id='word_1_312' title='bbox 619 3529 796 3595; x_wconf 81' lang='lat' dir='ltr'><strong>Annalibus</strong></span> <span class='ocrx_word' id='word_1_313' title='bbox 808 3529 964 3614; x_wconf 89' lang='lat' dir='ltr'><strong>Spiritum</strong></span> <span class='ocrx_word' id='word_1_314' title='bbox 981 3531 1015 3594; x_wconf 90' lang='lat' dir='ltr'><strong>S.</strong></span> <span class='ocrx_word' id='word_1_315' title='bbox 1027 3528 1096 3594; x_wconf 91' lang='lat' dir='ltr'><strong>vult</strong></span> <span class='ocrx_word' id='word_1_316' title='bbox 1109 3528 1196 3594; x_wconf 83' lang='lat' dir='ltr'><strong>coelo</strong></span> 
     </span>
     <span class='ocr_line' id='line_1_39' title="bbox 148 3609 1195 3701; baseline 0.002 -25"><span class='ocrx_word' id='word_1_317' title='bbox 148 3609 368 3693; x_wconf 76' lang='lat' dir='ltr'><strong>descendisse,</strong></span> <span class='ocrx_word' id='word_1_318' title='bbox 381 3613 508 3678; x_wconf 91' lang='lat' dir='ltr'><strong>decimo</strong></span> <span class='ocrx_word' id='word_1_319' title='bbox 522 3625 597 3700; x_wconf 89' lang='lat' dir='ltr'><strong>post</strong></span> <span class='ocrx_word' id='word_1_320' title='bbox 609 3614 673 3695; x_wconf 81' lang='lat' dir='ltr'><strong>die,</strong></span> <span class='ocrx_word' id='word_1_321' title='bbox 686 3636 783 3701; x_wconf 85' lang='lat' dir='ltr'><strong>quam</strong></span> <span class='ocrx_word' id='word_1_322' title='bbox 799 3617 1021 3679; x_wconf 85' lang='lat' dir='ltr'><strong>resurrexisset</strong></span> <span class='ocrx_word' id='word_1_323' title='bbox 1034 3613 1195 3692; x_wconf 84' lang='lat' dir='ltr'><strong>Christus,</strong></span> 
     </span>
     <span class='ocr_line' id='line_1_40' title="bbox 149 3698 1194 3786; baseline 0.002 -26"><span class='ocrx_word' id='word_1_324' title='bbox 149 3698 435 3784; x_wconf 83' lang='lat' dir='ltr'><strong>proptereaquod</strong></span> <span class='ocrx_word' id='word_1_325' title='bbox 456 3721 608 3764; x_wconf 87' lang='lat' dir='ltr'><strong>numerus</strong></span> <span class='ocrx_word' id='word_1_326' title='bbox 630 3722 761 3786; x_wconf 91' lang='lat' dir='ltr'><strong>quoque</strong></span> <span class='ocrx_word' id='word_1_327' title='bbox 787 3700 936 3766; x_wconf 88' lang='lat' dir='ltr'><strong>denarius</strong></span> <span class='ocrx_word' id='word_1_328' title='bbox 957 3700 1000 3765; x_wconf 91' lang='lat' dir='ltr'><strong>sit</strong></span> <span class='ocrx_word' id='word_1_329' title='bbox 1018 3699 1194 3786; x_wconf 87' lang='lat' dir='ltr'><strong>perfectus.</strong></span> 
     </span>
     <span class='ocr_line' id='line_1_41' title="bbox 149 3781 1137 3868; baseline 0.011 -25"><span class='ocrx_word' id='word_1_330' title='bbox 149 3795 237 3868; x_wconf 79' lang='lat' dir='ltr'><strong>part.</strong></span> <span class='ocrx_word' id='word_1_331' title='bbox 250 3781 296 3845; x_wconf 80' lang='lat' dir='ltr'><strong>iti.</strong></span> <span class='ocrx_word' id='word_1_332' title='bbox 312 3802 346 3867; x_wconf 90' lang='lat' dir='ltr'><strong>p.</strong></span> <span class='ocrx_word' id='word_1_333' title='bbox 358 3797 427 3846; x_wconf 84' lang='lat'><strong>225.</strong></span> <span class='ocrx_word' id='word_1_334' title='bbox 441 3783 493 3847; x_wconf 83' lang='lat' dir='ltr'><strong>ed.</strong></span> <span class='ocrx_word' id='word_1_335' title='bbox 509 3785 654 3851; x_wconf 84' lang='lat' dir='ltr'><strong>Labbaei.</strong></span> <span class='ocrx_word' id='word_1_336' title='bbox 1120 3804 1137 3835; x_wconf 86' lang='lat'><strong>··</strong></span> 
     </span>
     <span class='ocr_line' id='line_1_42' title="bbox 146 3867 1194 3956; baseline 0.002 -26"><span class='ocrx_word' id='word_1_337' title='bbox 146 3890 153 3919; x_wconf 66' lang='grc' dir='ltr'><em>ε</em></span> <span class='ocrx_word' id='word_1_338' title='bbox 196 3867 232 3930; x_wconf 88' lang='lat' dir='ltr'><strong>P.</strong></span> <span class='ocrx_word' id='word_1_339' title='bbox 244 3882 277 3931; x_wconf 80' lang='lat'><strong>5.</strong></span> <span class='ocrx_word' id='word_1_340' title='bbox 292 3867 315 3931; x_wconf 89' lang='lat' dir='ltr'><strong>l.</strong></span> <span class='ocrx_word' id='word_1_341' title='bbox 328 3880 358 3930; x_wconf 84' lang='lat'><strong>8.</strong></span> <span class='ocrx_word' id='word_1_342' title='bbox 380 3867 465 3953; x_wconf 86' lang='lat' dir='ltr'><strong>duae]</strong></span> <span class='ocrx_word' id='word_1_343' title='bbox 484 3869 575 3932; x_wconf 87' lang='lat' dir='ltr'><strong>Duas</strong></span> <span class='ocrx_word' id='word_1_344' title='bbox 594 3891 668 3934; x_wconf 92' lang='lat' dir='ltr'><strong>cum</strong></span> <span class='ocrx_word' id='word_1_345' title='bbox 691 3869 907 3934; x_wconf 86' lang='lat' dir='ltr'><strong>Freindallero</strong></span> <span class='ocrx_word' id='word_1_346' title='bbox 928 3870 1103 3956; x_wconf 88' lang='lat' dir='ltr'><strong>reponend.</strong></span> <span class='ocrx_word' id='word_1_347' title='bbox 1142 3871 1194 3933; x_wconf 85' lang='lat' dir='ltr'><strong>Ita</strong></span> 
     </span>
     <span class='ocr_line' id='line_1_43' title="bbox 149 3949 1147 4050; baseline 0.006 -36"><span class='ocrx_word' id='word_1_348' title='bbox 149 3949 302 4015; x_wconf 82' lang='lat' dir='ltr'><strong>similiter</strong></span> <span class='ocrx_word' id='word_1_349' title='bbox 316 3952 541 4050; x_wconf 75' lang='lat' dir='ltr'><strong>corrigendum</strong></span> <span class='ocrx_word' id='word_1_350' title='bbox 559 3967 608 4018; x_wconf 90' lang='lat' dir='ltr'><strong>est</strong></span> <span class='ocrx_word' id='word_1_351' title='bbox 624 3955 722 4040; x_wconf 85' lang='lat' dir='ltr'><strong>paulo</strong></span> <span class='ocrx_word' id='word_1_352' title='bbox 736 3954 820 4019; x_wconf 85' lang='lat' dir='ltr'><strong>infra</strong></span> <span class='ocrx_word' id='word_1_353' title='bbox 833 3955 874 4019; x_wconf 89' lang='lat' dir='ltr'><strong>ad</strong></span> <span class='ocrx_word' id='word_1_354' title='bbox 890 3955 913 4020; x_wconf 92' lang='lat' dir='ltr'><strong>l.</strong></span> <span class='ocrx_word' id='word_1_355' title='bbox 930 3962 978 4019; x_wconf 88' lang='lat'><strong>16.</strong></span> <span class='ocrx_word' id='word_1_356' title='bbox 1066 3980 1069 3985; x_wconf 47' lang='lat'>¹</span> <span class='ocrx_word' id='word_1_357' title='bbox 1144 3998 1147 4007; x_wconf 87' lang='lat'>·</span> 
     </span>
     <span class='ocr_line' id='line_1_44' title="bbox 146 4035 1192 4118; baseline 0.005 -21"><span class='ocrx_word' id='word_1_358' title='bbox 146 4072 153 4082; x_wconf 91' lang='lat'><strong>·</strong></span> <span class='ocrx_word' id='word_1_359' title='bbox 196 4035 283 4099; x_wconf 81' lang='lat' dir='ltr'><strong>ibid.</strong></span> <span class='ocrx_word' id='word_1_360' title='bbox 297 4035 321 4099; x_wconf 89' lang='lat' dir='ltr'><strong>l.</strong></span> <span class='ocrx_word' id='word_1_361' title='bbox 338 4050 385 4099; x_wconf 83' lang='grc' dir='ltr'><strong>ιο.</strong></span> <span class='ocrx_word' id='word_1_362' title='bbox 407 4058 439 4099; x_wconf 89' lang='lat' dir='ltr'><strong>rn</strong></span> <span class='ocrx_word' id='word_1_363' title='bbox 454 4037 654 4118; x_wconf 86' lang='lat' dir='ltr'><strong>ordinatione</strong></span> <span class='ocrx_word' id='word_1_364' title='bbox 669 4038 893 4104; x_wconf 87' lang='lat' dir='ltr'><strong>ecclesiasticae</strong></span> <span class='ocrx_word' id='word_1_365' title='bbox 907 4040 986 4105; x_wconf 90' lang='lat' dir='ltr'><strong>disci</strong></span> <span class='ocrx_word' id='word_1_366' title='bbox 1010 4039 1084 4103; x_wconf 87' lang='lat' dir='ltr'><strong>linae</strong></span> <span class='ocrx_word' id='word_1_367' title='bbox 1100 4059 1192 4102; x_wconf 89' lang='lat' dir='ltr'><strong>sanc·</strong></span> 
     </span>
     <span class='ocr_line' id='line_1_45' title="bbox 146 4117 1190 4204; baseline 0.007 -23"><span class='ocrx_word' id='word_1_368' title='bbox 146 4117 283 4184; x_wconf 75' lang='lat' dir='ltr'><strong>sitione</strong></span> <span class='ocrx_word' id='word_1_369' title='bbox 297 4121 387 4204; x_wconf 87' lang='lat' dir='ltr'><strong>sunt]</strong></span> <span class='ocrx_word' id='word_1_370' title='bbox 405 4122 463 4186; x_wconf 90' lang='lat' dir='ltr'><strong>Ait</strong></span> <span class='ocrx_word' id='word_1_371' title='bbox 476 4123 692 4187; x_wconf 86' lang='lat' dir='ltr'><strong>Tertullianus</strong></span> <span class='ocrx_word' id='word_1_372' title='bbox 711 4123 773 4188; x_wconf 90' lang='lat' dir='ltr'><strong>fine</strong></span> <span class='ocrx_word' id='word_1_373' title='bbox 792 4124 866 4189; x_wconf 89' lang='lat' dir='ltr'><strong>libri</strong></span> <span class='ocrx_word' id='word_1_374' title='bbox 882 4124 942 4189; x_wconf 88' lang='lat' dir='ltr'><strong>ult.</strong></span> <span class='ocrx_word' id='word_1_375' title='bbox 1001 4147 1032 4187; x_wconf 91' lang='lat' dir='ltr'><strong>u.</strong></span> <span class='ocrx_word' id='word_1_376' title='bbox 1046 4122 1190 4188; x_wconf 81' lang='lat' dir='ltr'><strong>Marcio·</strong></span> 
     </span>
     <span class='ocr_line' id='line_1_46' title="bbox 149 4201 1192 4297; baseline 0.004 -29"><span class='ocrx_word' id='word_1_377' title='bbox 149 4223 239 4278; x_wconf 74' lang='lat' dir='ltr'><strong>mm:</strong></span> <span class='ocrx_word' id='word_1_378' title='bbox 260 4201 329 4272; x_wconf 79' lang='lat' dir='ltr'><strong>soh·</strong></span> <span class='ocrx_word' id='word_1_379' title='bbox 347 4203 419 4271; x_wconf 88' lang='lat' dir='ltr'><strong>huic</strong></span> <span class='ocrx_word' id='word_1_380' title='bbox 433 4204 575 4293; x_wconf 75' lang='lat' dir='ltr'><strong>epistolae</strong></span> <span class='ocrx_word' id='word_1_381' title='bbox 593 4207 681 4294; x_wconf 69' lang='lat' dir='ltr'><strong>(scil,</strong></span> <span class='ocrx_word' id='word_1_382' title='bbox 694 4208 736 4273; x_wconf 89' lang='lat' dir='ltr'><strong>ad</strong></span> <span class='ocrx_word' id='word_1_383' title='bbox 754 4208 964 4297; x_wconf 82' lang='lat' dir='ltr'><strong>Philippens.)</strong></span> <span class='ocrx_word' id='word_1_384' title='bbox 984 4206 1118 4274; x_wconf 85' lang='lat' dir='ltr'><strong>hreuitas</strong></span> <span class='ocrx_word' id='word_1_385' title='bbox 1135 4231 1192 4274; x_wconf 89' lang='lat' dir='ltr'><strong>sua</strong></span> 
     </span>
     <span class='ocr_line' id='line_1_47' title="bbox 649 4305 707 4358; baseline 0.034 -2"><span class='ocrx_word' id='word_1_386' title='bbox 649 4311 671 4356; x_wconf 86' lang='lat' dir='ltr'><strong>c</strong></span> <span class='ocrx_word' id='word_1_387' title='bbox 686 4305 707 4358; x_wconf 87' lang='grc'><strong>4</strong></span> 
     </span>
    </p>
   </div>
   <div class='ocr_carea' id='block_1_3' title="bbox 0 0 1346 4740">
    <p class='ocr_par' dir='ltr' id='par_1_3' title="bbox 0 0 1346 4740">
     <span class='ocr_line' id='line_1_48' title="bbox 0 0 1346 4740; baseline 0 0"><span class='ocrx_word' id='word_1_388' title='bbox 0 0 1346 4740; x_wconf 95' lang='lat' dir='ltr'><strong> </strong></span> 
     </span>
    </p>
   </div>
  </div>
 </body>
</html>
