2684 4740
148 333 192 418 ³⁶
280 332 283 337 ·
488 328 851 398 nuuorruours

151 500 217 564 tine
230 496 348 563 editam
363 497 404 564 ad
420 520 497 586 pag.
508 511 579 576 237.
622 502 741 599 Neque
761 498 919 565 diversum
942 499 1025 587 quid
1044 500 1195 571 buerunt

150 584 203 648 alii
217 600 387 658 auctores;
409 597 446 648 ut
460 584 598 670 exempli
611 589 716 670 gratia
728 582 882 649 Clemens
899 584 995 651 Alex.
1015 586 1052 651 in
1071 588 1195 655 celebri

148 669 225 733 loco
239 669 354 733 Strom.
368 669 426 733 lib.
435 669 487 733 vii.
501 691 573 754 cap.
588 682 637 744 17.
680 670 789 733 lmmo
801 691 877 734 vero
890 669 936 734 ita
951 671 1094 737 scribere
1108 674 1194 741 Hie·

149 776 305 841 ronymus
322 753 447 817 videtur
464 753 505 817 de
526 753 720 818 Priscilliano
738 753 773 817 in
790 774 863 840 cap.
878 768 945 819 121.
960 754 1019 821 lib.
1034 758 1091 823 De
1106 758 1193 833 Varia

149 837 206 905 Ill.
231 851 270 902 ut
295 859 392 902 unam
418 837 627 925 eandemque,
648 854 706 903 aut
729 837 943 918 consimilem,
969 843 1100 907 noveris
1120 864 1193 909 esse

148 923 284 989 istorum
304 922 471 1002 haeresim3
495 922 560 987 Hic
579 944 676 1010 usqae
696 921 785 989 lindie
802 945 822 986 n
841 922 999 989 nonnullis
1012 927 1197 1007 Gannico,-

148 1008 256 1086 idest,
276 1006 425 1071 Basilidis
444 1019 475 1071 et
497 1008 684 1085 Marcionis,
698 1007 737 1071 de
757 1007 868 1095 quitus
891 1008 1031 1075 benoeus
1050 1011 1191 1099 scripsit,

149 1094 298 1158 taere‘seos
319 1103 492 1171 accusatur,
512 1091 744 1178 dffenderrtibus
766 1091 854 1171 aliis,
874 1116 937 1157 nra
958 1094 1007 1159 ita
1025 1116 1099 1161 eum
1120 1118 1190 1163 sert·

148 1181 235 1256 sisse,
249 1188 286 1240 ut
305 1178 462 1276 arguitur.
491 1178 545 1241 Sic
563 1176 627 1242 ille.
664 1178 818 1263 Superest
831 1177 873 1242 de
886 1178 1040 1258 Mitinrle,
1055 1181 1195 1249 homine

148 1263 277 1350 ignoto,
295 1285 352 1362 qur
374 1261 533 1326 hocloco
554 1273 763 1340 memoratur,
785 1261 905 1342 dicere,
926 1263 1014 1329 nulla
1036 1288 1079 1331 co
1164 1267 1195 1325 ⁹.

147 1369 211 1413 one
220 1368 296 1411 eum
306 1359 459 1446 ¹junctum
470 1346 568 1411 rideri
583 1346 725 1412 Miltiadi
737 1346 999 1435 cataphrygum,
1008 1280 1191 1419 airam

146 1433 215 1499 tani
235 1432 407 1519 discipulo,
420 1453 517 1519 quem
530 1432 659 1496 Auctor
671 1433 769 1496 Anon
793 1454 866 1497 mus
878 1434 995 1498 Contra
1003 1435 1194 1539 &tapiqz

170 1540 206 1583 ns
218 1517 441 1604 oppugnabat.
462 1515 539 1581 vid.
555 1537 587 1603 p.
602 1529 652 1592 73.
668 1515 730 1580 rol.
746 1455 791 1580 li.
806 1516 980 1605 Reliquiar.
1025 1520 1130 1587 Porro
1143 1538 1189 1589 rat

144 1540 420 1753 {rgndanerff‘
432 1601 597 1702 oborietur
611 1601 784 1751 dubigatiqi,
799 1603 1007 1751 quaAratione
1022 1606 1070 1669 vir
1083 1605 1143 1671 ille
1156 1607 1188 1671 in

146 1781 170 1814 «ι
185 1709 337 1851 extit,
362 1707 745 1858 tett'ssntltltul}
774 1693 1188 1843 ,ttritttffinttlt

146 1865 170 1920 ‘.‘
184 1859 307 1945 utique,
322 1858 386 1922 sive
400 1856 619 1935 Alcibiades,''
637 1861 725 1940 (nam
746 1855 792 1921 ita
812 1856 987 1942 legendum
1005 1858 1192 1943 opinabau·.
1223 1906 1226 1911 <

146 1957 200 2009 tur
220 1945 354 2027 Langus
375 1941 416 2006 ad
436 1941 519 2006 Nice
544 1940 673 2019 borum,
693 1939 905 2027 Valesiusque
926 1942 969 2006 ad
990 1944 1192 2028 Eusebium).

144 2034 175 2089 ‘s
183 2028 335 2094 Montani
363 2041 460 2090 sectae
489 2049 507 2090 a
531 2027 677 2106 haeserat,
704 2048 802 2112 quem
832 2026 1003 2091 hereticus
1033 2029 1194 2095 Marcion-

144 2120 168 2155 “
180 2112 406 2211 quadraginta,
432 2111 492 2175 nisi
518 2112 660 2198 quinqua
684 2110 750 2174 inta
770 2111 872 2189 annis,
898 2114 1187 2197 computoaetatis

144 2205 169 2286 ‘r
184 2211 348 2286 praeremt.
374 2196 475 2284 Quid,
486 2196 631 2283 inquam,
642 2133 696 2260 ille
709 2194 750 2259 ad
762 2197 998 2281 promovendos
1011 2197 1077 2261 sire
1090 2199 1193 2265 Mar·-

144 2291 168 2323 “
182 2283 296 2360 sionis,
312 2282 377 2345 sire
390 2281 460 2367 ejus
474 2295 669 2347 sectatorum
685 2301 821 2361 errores,
835 2281 1029 2367 quibuscum
1047 2284 1186 2351 Mouta-

138 2375 168 2429 aa
183 2368 305 2433 nisticae
326 2363 440 2430 lraeresi
453 2379 511 2431 aut
524 2365 623 2444 nulla',
637 2378 694 2430 aut
707 2387 799 2451 paene
814 2365 902 2430 nulla
915 2387 1019 2431 causae
1033 2389 1193 2435 commu·-

145 2453 168 2493 ‘'‘'
185 2448 238 2519 nio
269 2453 499 2531 intercesserat,
527 2450 730 2537 negotiorum
759 2450 980 2537 susciperetl’'
1032 2452 1186 2552 Denique

169 2538 233 2605 uod
252 2538 368 2602 attinet
386 2537 427 2601 ad
446 2536 526 2602 illud
541 2537 573 2600 in
589 2535 651 2599 hoc
666 2537 848 2621 fragmento
861 2547 1048 2621 portentum
1063 2538 1185 2603 Basili·

144 2560 214 2689 iem
233 2622 422 2689 Asianorum
444 2621 565 2708 Cataplr
604 2643 680 2709 gum
706 2621 948 2700 constitutorem,
971 2622 1042 2708 quis
1068 2623 1195 2689 Basili·-

145 2710 219 2775 de'rn
249 2708 515 2786 Alexandrinum,
543 2729 580 2771 ce
594 2709 701 2770 ebrem
731 2706 824 2769 illum
856 2706 985 2769 haeresis
1016 2708 1184 2773 Gnosticae

145 2793 323 2869 doctorem,
338 2791 585 2876 Cataphrygum
601 2813 658 2854 seu
672 2791 956 2868 Montanistarum,
969 2805 1065 2857 sectae
1082 2793 1185 2858 notis·

146 2877 236 2940 simae
252 2888 285 2939 et
300 2887 395 2938 aetate
413 2875 611 2958 posterioris,
627 2886 778 2938 statorem
794 2874 891 2939 luisse
906 2875 954 2939 rel
969 2876 1192 2955 conditorem,

145 2982 287 3061 unquam
306 2959 450 3023 audivit?
487 2959 622 3024 Nullam
643 2980 739 3044 porro
761 2958 1002 3025 similitudinem
1024 2976 1083 3026 aut
1100 2983 1184 3049 cog·

145 3060 308 3111 nationem
329 3044 491 3109 habebant
509 3044 718 3109 Montanistae
733 3067 813 3108 cum
826 3045 1004 3123 Gnosticis,
1020 3046 1068 3109 vel
1088 3048 1191 3115 Mare.

146 3130 284 3208 cionitis‚
299 3152 378 3215 quas
394 3129 524 3215 quidem
545 3130 681 3193 haereses
701 3141 751 3193 tot
772 3127 862 3194 libris
882 3131 1059 3194 confutavit
1081 3132 1191 3195 Mon--

146 3216 213 3281 tani
228 3229 367 3279 sectator
381 3213 606 3279 Tertullianus.
649 3215 758 3278 Locus
779 3236 860 3277 unus
880 3227 1006 3279 tantum
1027 3214 1108 3278 rnibi
1126 3239 1186 3283 oc-

146 3300 256 3380 currit,
272 3301 328 3365 ubi
342 3299 530 3363 hu'usmodi
551 3297 628 3385 quid
648 3298 751 3383 possit
768 3298 872 3374 innui;
895 3299 927 3362 in
949 3321 1015 3385 quo
1030 3299 1184 3365 nimirum

146 3400 234 3451 extat
256 3407 344 3450 error
369 3322 423 3449 iile
448 3383 621 3471 Epiphanii
647 3383 687 3447 de
710 3405 808 3447 causa
831 3382 1031 3447 abstinentia
1060 3406 1080 3447 a
1101 3385 1185 3451 cibis

145 3472 231 3558 apud
251 3470 479 3548 Montanistas,
493 3490 589 3554 quem
605 3489 702 3553 supra
722 3468 763 3532 ad
781 3467 883 3531 roll.
900 3489 932 3552 p.
942 3477 1012 3532 331.
1029 3467 1184 3547 indicavi;

146 3571 356 3644 preterquam
370 3553 458 3652 quod
470 3554 523 3617 lric
534 3553 664 3639 quidem
680 3551 922 3616 memorandum
935 3565 996 3631 est,
1008 3574 1083 3617 cum
1094 3574 1186 3618 seve-

145 3644 211 3707 rius
221 3661 299 3723 erga
309 3651 500 3724 poenitentes
510 3660 544 3701 se
554 3658 666 3722 gerere
679 3637 819 3701 solerent
832 3637 1053 3715 Montanistae,
1065 3637 1107 3701 de
1118 3639 1185 3703 Ba·

147 3726 238 3792 silide
251 3725 321 3787 haec
332 3723 493 3807 scripsisse
505 3724 537 3787 in
550 3723 664 3786 Strorrr.
673 3721 712 3784 iv.
723 3741 753 3785 c.
763 3734 812 3784 24.
826 3720 1029 3786 Clementem
1041 3723 1192 3787 Alexam.

148 3811 286 3885 drinum,
301 3811 380 3884 πλὴν
394 3809 440 3870 eiii
454 3806 556 3882 πάσας
575 3805 739 3917 (isengrius)
757 3810 770 3868 ὃ
785 3806 950 3882 Βασιλείδης
963 3807 1042 3887 φησὶ,
1056 3805 1143 3888 μόνας
1157 3810 1186 3880 δί

147 3900 198 3969 τὰς
212 3893 334 3964 &uerior
348 3893 369 3976 ‘i
385 3894 447 3957 κατ’
462 3891 589 3976 ἄγνοιαν,
606 3895 739 3972 &preibat-
781 3890 876 3954 Anne
892 3912 983 3976 ergo,
1000 3891 1080 3955 nihil
1095 3893 1187 3959 enlm

146 3981 207 4050 hac
226 3977 266 4041 de
283 3998 318 4040 re
335 3976 565 4053 affirmaverim,
581 3977 607 4040 si
627 3977 733 4038 minus
753 3975 854 4039 nostri
873 3974 1013 4053 auctoris
1030 3976 1186 4060 ignoran-

148 4066 203 4141 tia,
215 4076 250 4133 at
269 4062 404 4125 fortasse
423 4060 645 4126 malevolentia
664 4058 877 4146 quorundam,
893 4059 1084 4124 dicebantur
1102 4082 1184 4126 con·

148 4136 328 4214 stitulorem
357 4167 449 4209 suum
476 4144 593 4208 habere
620 4145 841 4220 Montanistae,
865 4165 922 4209 seu
945 4142 1191 4231 cataphryges,⁷

146 4231 318 4303 Basilidem
339 4229 530 4296 Gnosticum
555 4230 763 4295 haereticum?
800 4228 919 4315 Neque
936 4234 1190 4316 verocongesta‘
