2684 4740
175 309 237 371 116
364 301 632 370 ACCUSATIO
655 301 705 366 IN
729 301 1028 371 MENSURIUM.

174 498 226 541 res
239 497 312 562 quae
324 474 471 560 egerint:
487 487 520 539 et
535 474 591 561 qui
605 473 829 561 comprehensi
844 489 878 540 et
894 475 1074 560 Scripturas
1090 487 1222 544 sanctas

175 559 301 625 tradere
325 559 481 639 nolentes,
495 576 527 624 et
548 560 650 624 multa
674 561 758 624 mala
778 561 861 645 passi
876 575 909 625 et
929 560 1125 647 gravissimis
1140 583 1222 650 sup-

174 645 279 731 pliciis
303 644 474 710 excruciati
496 659 528 710 et
549 645 647 709 occisi
670 659 764 709 sunt:
788 667 910 733 eosque
932 645 1138 710 honorandos
1159 666 1224 733 pro

177 729 323 817 martyrii
339 730 388 794 sui
405 731 519 795 merito
542 730 789 808 commendavit,
803 730 937 795 laudans
957 753 1014 795 eos
1035 753 1100 795 uon
1119 731 1225 798 tradi-

176 816 261 881 disse
277 817 456 902 Scripturas
474 829 611 894 sanctas,
622 816 707 880 illius
722 816 866 880 mulieris
878 817 1037 903 exemplo,
1073 838 1124 880 uae
1135 817 1223 882 duos

176 901 394 987 exploratores
410 901 442 965 in
462 902 629 980 alaricho,
646 901 677 967 in
693 901 810 987 quibus
827 902 1040 987 figurarentur
1049 839 1121 966 duo
1137 903 1221 968 Tes-

176 999 330 1066 tamenta,
352 998 441 1050 vetus
463 1001 497 1050 et
519 1010 648 1067 novum,
671 987 795 1050 tradere
818 987 1079 1072 persecutoribus
1103 988 1221 1071 noluit,

176 1073 277 1221 &aad
292 1071 422 1159 quidem
439 1072 622 1158 exemplum
646 1071 672 1136 si
692 1072 751 1156 sub
774 1071 836 1136 bac
850 1073 953 1158 figura
969 1086 1019 1161 est
1032 1071 1220 1172 intelligen-

200 1180 267 1236 um,
288 1156 493 1243 Mensurium
516 1158 624 1244 potius
646 1156 828 1244 adjuvabat.
874 1159 912 1221 ln
933 1158 1001 1222 ¹suis
1021 1157 1109 1223 enim
1130 1158 1220 1231 lute-

176 1242 219 1306 ris
242 1243 427 1307 Mensurius
448 1241 701 1327 reprehendebat
720 1264 788 1320 eos,
806 1242 860 1329 qui
880 1242 1061 1330 Scripturas
1080 1256 1221 1322 sanctas,

178 1327 322 1414 quamvis
345 1349 400 1391 eas
422 1349 487 1391 non
509 1328 681 1407 traderent,
697 1350 730 1391 se
749 1342 858 1392 tamen
881 1327 998 1393 habere
1021 1323 1222 1408 faterentur3

177 1413 267 1500 quod
281 1412 399 1477 mulier
413 1412 467 1478 illa
482 1435 547 1477 non
561 1412 648 1478 fecit.
692 1415 809 1500 Neque
824 1413 909 1478 enim
928 1434 986 1478 eos
1000 1413 1234 1498 exploratbres,

199 1499 233 1562 ui
248 1499 485 1587 quaerebantur‚
501 1498 587 1584 apud
609 1521 644 1562 se
664 1519 734 1562 esse
757 1498 903 1563 confessa
922 1510 982 1578 est,
1003 1492 1061 1562 sed
1080 1499 1220 1585 negavit.

177 1521 422 1670 icrips'itetiam
442 1583 620 1662 Secundus,
635 1597 668 1648 et
682 1584 723 1647 ad
738 1606 773 1647 se
788 1585 893 1670 ipsum
909 1584 1024 1649 missos
1038 1606 1056 1648 a
1071 1595 1227 1648 curatore·

176 1682 210 1733 et
232 1671 344 1734 ordine
367 1670 589 1734 centurionem
612 1683 646 1732 et
667 1669 919 1748 beneficiarium,
936 1670 992 1756 qui
1001 1671 1154 1755 peterent
1169 1669 1228 1733 eli-²

177 1755 268 1820 vinos
289 1754 428 1818 Codices
450 1755 641 1833 exurendos,
659 1755 769 1841 eisque
791 1753 1006 1842 respondisse,
1023 1753 1228 1819 Christianae

178 1849 246 1904 sarra
262 1851 292 1904 et
307 1839 474 1924 episcopm,
491 1861 551 1903 rrorr
566 1839 710 1904 traditor.
754 1842 886 1904 Etcum
907 1840 949 1904 ab
969 1860 1008 1905 eo
1029 1839 1148 1904 vellent
1163 1838 1222 1904 alt-

178 1947 243 2012 qua
263 1925 388 2003 ecbola,
407 1924 481 2008 (aid.
497 1940 592 2009 snpra
608 1946 682 2010 pag.
696 1927 778 2008 103.)
801 1940 858 1990 eut
882 1924 1112 2011 quodcumque
1135 1924 1224 1990 ac'ci·'

177 2031 254 2096 pere
267 2035 276 2089 3
300 2031 405 2095 neque
423 2010 487 2074 hoc
501 2011 552 2073 eis·
561 2010 698 2088 dedisse,
712 2011 861 2095 exemplo
875 2009 1046 2076 h'Eleazari
1062 2008 1227 2079 Maccus-³

177 2095 253 2174 baei,
268 2095 325 2195 qui
340 2117 400 2158 nec
416 2096 536 2181 fingere
551 2095 653 2159 voluit
667 2095 794 2159 suillam
809 2116 949 2159 carnem
960 2117 994 2160 se
1011 2094 1221 2175 manducate,

86 2200 88 2204 ·
178 2182 218 2245 n'e
233 2180 303 2244 alirs
319 2181 478 2266 praeberet
495 2180 763 2267 praevaricationis
777 2180 973 2266 exemplum.
1017 2183 1083 2244 Hae
1104 2179 1227 2245 litterae*

176 2265 337 2330 Mensurii
353 2281 386 2331 et
404 2266 544 2331 Secundi
558 2265 661 2329 donec
680 2264 820 2351 legendo
834 2265 1091 2344 terminarentur,
1106 2265 1221 2329 catho-

175 2351 230 2416 lici
251 2353 409 2436 patienter
431 2351 623 2428 audierunt;
646 2351 790 2437 quamvis
811 2351 920 2415 testati
937 2351 1057 2415 fuerint
1076 2371 1132 2414 eas
1152 2370 1222 2414 esse

178 2437 362 2516 familiares,
378 2459 437 2501 nec
451 2437 492 2502 ad
506 2451 653 2500 caussam
668 2436 811 2500 ecclesiae
826 2436 996 2522 pertinere.
1020 2437 1050 2518 t.
1062 2442 1113 2500 25.

221 2524 299 2587 Hoc
319 2537 428 2588 autem
447 2521 533 2609 quod
557 2521 587 2586 ei
610 2520 732 2609 objecit
754 2521 940 2605 Purpurius,
959 2519 1128 2585 detentum
1147 2529 1226 2585 eunt

178 2606 278 2671 fuisse
296 2629 315 2671 a
330 2621 478 2674 curatore
500 2620 534 2672 et
553 2607 665 2672 ordine
684 2621 721 2672 ut
744 2605 925 2692 Scripturas
939 2605 1042 2685 daret,
1057 2604 1147 2670 idem
1163 2607 1223 2670 Se·

179 2693 306 2757 cundus
326 2694 358 2758 in
377 2694 492 2758 litteris
515 2714 595 2778 quas
617 2691 786 2757 Mensurio
808 2691 1022 2776 rescripserat,
1037 2707 1121 2777 pene
1142 2697 1226 2759 coni

179 2777 283 2841 fessus
298 2789 358 2857 est,
373 2779 427 2845 ubi
441 2778 486 2842 ait
501 2778 635 2842 missurn
652 2777 692 2841 ad
707 2798 741 2840 se
755 2776 853 2840 fuisse
868 2787 1047 2840 acuratore
1062 2787 1101 2839 et·
1111 2775 1224 2840 ordine

181 2861 405 2926 centurionem
423 2876 458 2929 et
476 2862 727 2939 beneficiarium,
747 2872 781 2924 et
800 2882 820 2924 a
842 2883 876 2925 ae
900 2861 1072 2947 scripturas
1092 2861 1223 2948 petitas,

180 2946 230 3010 vel
245 2946 398 3032 quaelibet
417 2946 552 3024 ecbola3
576 2968 649 3032 quae
664 2945 793 3032 quidem
809 2958 923 3011 senon
939 2945 1105 3011 tradidisse
1121 2944 1225 3010 dixit:

181 3030 237 3096 sed
251 3051 327 3096 cum
343 3031 412 3117 ipse
426 3031 492 3096 illic
507 3033 803 3096 commemoraverit
824 3044 874 3095 tot
892 3043 1060 3118 martyres,
1076 3032 1133 3118 qui
1149 3048 1227 3095 curu·

181 3116 307 3182 tradere
331 3115 520 3195 noluissent,
548 3117 721 3181 excruciati
746 3129 780 3181 et
805 3116 903 3180 occisi
930 3128 1025 3194 sunt;
1055 3115 1224 3202 quomodo

179 3201 249 3289 ipse
271 3201 420 3267 detentus
440 3213 474 3266 et
492 3202 657 3267 convictus
670 3214 703 3265 et
725 3202 837 3266 nolens
856 3201 978 3287 aliquid
993 3199 1130 3279 tradere,
1145 3199 1225 3264 nihil

182 3287 250 3374 pati
265 3298 298 3355 et
312 3287 431 3352 dimitti
446 3287 600 3374 potuerit,
614 3308 673 3350 nec
688 3284 857 3351 Mensurio
872 3286 1009 3371 scripsit,
1024 3306 1084 3349 nec
1099 3287 1225 3385 Purpua

184 3373 234 3438 rio
253 3372 437 3458 respondit:
460 3375 540 3437 Non
560 3373 645 3437 enim
668 3372 847 3437 centurioni
868 3383 901 3435 et
921 3369 1127 3435 beneficiario
1147 3370 1227 3435 drxit

184 3480 219 3522 se
241 3457 413 3544 scripturas
436 3479 501 3522 non
529 3457 658 3537 habere,
681 3456 738 3522 sed
760 3455 925 3542 respondit
947 3477 981 3519 se
1004 3455 1146 3520 omnino·
1161 3476 1227 3524 nou

184 3543 322 3608 tradere.
365 3541 468 3608 Quod
482 3538 528 3606 illi
543 3542 689 3607 auditum
706 3541 872 3628 quomodo
885 3541 942 3605 illo
959 3540 1092 3605 dimisso
1110 3546 1228 3605 renutr-

184 3629 265 3692 tiare
275 3627 440 3712 potuerint
451 3625 519 3691 sine
530 3649 590 3693 suo
602 3627 712 3705 exitio,
723 3649 786 3690 non
799 3637 930 3711 apparet
937 3649 947 3704 ;
986 3625 1141 3689 raesertim
1152 3625 1230 3712 quia

186 3713 272 3778 idem
296 3710 463 3778 Secundus
485 3733 551 3776 non
576 3712 738 3800 quoslibet
758 3711 898 3789 infimos,
921 3647 984 3774 sed
999 3710 1096 3774 etiam
1122 3721 1232 3795 patres·

185 3796 333 3873 familias,
345 3817 420 3860 cum
436 3797 500 3861 hoc
515 3797 599 3861 idem
615 3795 873 3883 persecutoribus
888 3794 1140 3882 respondissent,
1155 3817 1232 3860 eru·

188 3882 358 3948 delissimis
385 3881 545 3945 mortibus
569 3882 649 3946 dixit
674 3881 809 3945 occisos.
833 3882 864 3963 ᾗ.
880 3892 931 3955 27.
969 3881 1232 3961 Confer-ejusdcm*

190 3970 346 4047 Augustini
360 3965 410 4026 lib.
422 3969 442 4026 i.
459 3969 561 4025 Contra
578 3971 762 4028 Gaudentium
775 3987 838 4045 cap.
849 3967 957 4026 xxxvii.
968 3987 998 4046 p.
1009 3967 1084 4026 449>

447 4129 460 4168 8
476 4129 549 4178 Josue
561 4130 586 4178 ii.
741 4125 754 4163 ¹¹
772 4125 877 4174 aMsoc.
887 4125 919 4174 vi.
930 4134 970 4174 aa.
