2684 4740
142 295 204 362 134
489 277 824 346 ARCHELAUS.

144 457 166 484 “
179 469 208 528 p.
221 448 292 510 375.
306 468 349 525 sq.
363 449 408 506 ed.
425 451 535 522 Germ.)
551 452 632 508 novis
647 451 720 507 adeo
735 471 798 508 eam
815 451 990 527 argumentis
1008 451 1183 509 confirmare

144 539 165 600 ξ’
180 530 299 595 studuit,
318 529 573 604 Baumgurtenium
594 533 624 589 in
644 533 747 588 Nochr.
769 551 820 589 uon
840 535 950 589 mokw.
969 533 1056 589 Bucb.
1076 531 1134 590 rol.
1148 533 1182 590 ii.

145 617 167 643 “
180 630 208 688 p.
219 609 289 666 444.
304 621 388 685 atque
404 611 559 667 Semlerum
574 613 603 666 in
617 615 768 669 introduct.
780 615 817 668 od
831 615 935 670 Polem.
948 613 1111 686 Baunrgurt.
1126 621 1148 668 t.
1160 613 1181 670 i.

145 697 168 724 “
182 710 210 767 p.
228 692 296 750 270.
321 690 447 765 aliosque
469 691 574 768 plures,
599 695 640 749 ita
665 692 839 748 adversarios
864 693 950 748 etiam
975 691 1076 747 habuit
1102 695 1182 766 Aug.

145 779 168 806 ‘¹
181 772 252 827 Ant.
274 769 430 845 Georgium
453 772 482 827 in
504 772 623 845 Alphub.
648 773 733 828 Tibet.
753 781 820 848 pag.
834 773 904 829 342.
924 791 966 847 sq.
987 772 1066 827 etin
1090 771 1181 846 Praef.

146 859 167 885 “
182 861 257 926 part.
270 850 293 906 l.
315 852 461 927 praernissa
478 870 545 928 pag.
557 851 605 908 xli.
620 861 706 926 atque
720 852 874 908 Travasam
888 853 917 908 in
933 854 1007 910 δίον.
1024 851 1092 908 orii.
1108 853 1184 908 delle

145 922 168 966 l‘
186 932 211 987 V
213 934 250 988 ite
267 933 340 1004 degli
358 933 431 988 Eres.
447 940 468 987 t.
481 951 506 987 v.
520 951 549 1008 p.
562 933 630 988 215.
646 950 689 1006 sq.
720 932 848 989 Mediam
862 952 929 989 vero
948 933 1023 988 inter
1041 941 1182 1007 utrosque

145 1019 167 1046 “
181 1013 265 1076 viam,
279 1031 364 1085 quam
384 1011 563 1067 Moshenrius
582 1031 616 1067 ex
638 1019 719 1088 parte
737 1012 800 1089 jam
821 1013 970 1089 praeiverat
983 1013 1014 1067 in
1030 1013 1182 1068 Commeat.
1253 1078 1257 1088 Ἴ

144 1099 168 1126 “
182 1094 216 1149 de
228 1093 304 1148 rebus
319 1092 417 1148 Christ.
431 1099 496 1148 onte
511 1092 649 1148 Constant.
664 1092 706 1147 M.
721 1112 787 1169 pag.
798 1093 867 1152 729.
887 1094 1030 1167 ingressus
1049 1104 1095 1147 est
1111 1090 1182 1148 Chr.

146 1180 169 1206 “
184 1171 262 1229 Guil.
276 1171 378 1228 Franc.
392 1171 540 1227 Walchius
554 1172 583 1227 in
599 1174 702 1228 Hister.
718 1177 773 1229 der.
789 1175 916 1247 Kezerey,
930 1171 986 1228 vol.
997 1173 1016 1228 i.
1029 1190 1097 1248 pag.
1110 1170 1182 1231 718.

147 1257 169 1286 “
184 1271 225 1327 sq.
240 1253 306 1308 dnm
321 1252 542 1327 disputationem
557 1253 668 1326 quidem
687 1251 811 1328 aliquam
825 1252 861 1309 ab
875 1251 1019 1310 Archelao
1034 1270 1100 1307 cum
1112 1251 1183 1309 Mu-

147 1338 170 1366 “
184 1343 250 1388 nete
269 1331 398 1387 habitam
416 1331 513 1398 fuisse,
526 1332 587 1388 haec
599 1351 666 1388 vero
681 1344 744 1389 acta
758 1352 811 1410 pro
830 1334 960 1407 genuinis
975 1331 1182 1407 disputationis

145 1420 168 1447 “
182 1411 256 1469 illius
268 1413 338 1467 actis
350 1413 466 1467 minime
477 1412 607 1468 habenda
619 1431 679 1468 esse
689 1413 843 1470 defendit.''
867 1413 939 1469 Haec
949 1411 1073 1478 Keilius,
1083 1410 1135 1486 qui
1144 1410 1182 1467 ad

145 1512 213 1571 pag.
227 1511 340 1567 quoque
353 1493 422 1549 324.
438 1490 528 1568 ejusd.
541 1493 668 1549 Bibliolb.
678 1495 783 1550 Fabric.
798 1493 915 1560 addidit,
929 1491 1100 1548 Beausobrii
1115 1508 1183 1547 sen·

143 1573 265 1631 tentiam
279 1573 313 1628 de
326 1573 430 1628 horum
443 1575 583 1628 Actorum
599 1571 681 1649 νοθείᾳ
695 1573 791 1630 multis
805 1572 933 1629 refellere
947 1571 1090 1628 studuisse
1102 1571 1181 1628 Petr.

143 1653 250 1711 Thom.
266 1652 395 1709 Cacciari
411 1654 441 1708 iu
458 1654 703 1712 Exercitationibus
717 1658 744 1710 in
762 1657 836 1710 univ.
855 1655 885 1709 S.
903 1655 1001 1710 Leonis
1020 1652 1062 1709 M.
1077 1653 1181 1726 Opera,

144 1737 178 1793 de
192 1735 254 1790 ltoer.
269 1733 391 1790 Municb.
406 1731 455 1790 lib.
470 1732 495 1789 1.
512 1752 573 1809 cap.
584 1735 644 1790 xiii.
661 1755 727 1811 pag.
740 1734 788 1792 90.
803 1752 844 1808 sq.
859 1752 943 1808 quem
960 1731 1064 1788 librum
1082 1731 1183 1787 dolere

139 1833 175 1871 se
186 1814 227 1869 ait
237 1813 350 1869 Keilius
362 1814 450 1868 serius
462 1813 573 1869 demum
587 1813 621 1868 ad
633 1833 733 1871 manus
743 1832 808 1870 suas
820 1813 992 1889 pervenisse,
1004 1830 1090 1886 quam
1101 1819 1183 1867 uteo

144 1888 179 1951 iu'
189 1893 381 1969 superioribus
397 1893 438 1948 uti
453 1893 602 1969 potuisset.
624 1894 692 1971 Ipsa
706 1914 772 1950 vero
786 1893 942 1949 Moshemii
955 1891 1052 1957 verba,
1066 1891 1105 1947 ad
1118 1909 1183 1966 quse

146 1974 267 2048 digitum
292 1972 416 2028 intendit
440 1974 483 2027 vir
506 1973 698 2041 doctissimus,
722 1976 779 2029 huc
801 1974 902 2030 afferre
922 1972 994 2027 mihi
1013 1971 1106 2027 visum
1127 1979 1183 2027 est.

146 2062 168 2092 “
179 2084 262 2100 --
273 2053 347 2109 Satis
364 2053 477 2127 quidem
490 2052 684 2111 Beausobriue
702 2053 861 2110 luculenter
875 2052 1012 2119 ostendit,
1027 2069 1089 2107 esse
1103 2069 1184 2126 que·

146 2143 168 2173 “
182 2133 248 2190 dam
262 2133 291 2189 in
305 2133 350 2188 his
367 2133 456 2198 Actis,
471 2132 506 2188 de
519 2152 640 2207 quorum
655 2135 774 2191 veritate
783 2133 850 2211 jure
864 2133 975 2211 optimo
989 2131 1103 2187 dubites
1117 2152 1125 2186 ε
1139 2134 1184 2187 'a't

146 2223 169 2250 “
182 2232 253 2279 non,
268 2214 382 2288 opinor,
403 2221 538 2268 testatum
556 2212 637 2279 fecit,
656 2233 811 2289 numquam
832 2212 973 2290 ejusmodi
996 2210 1132 2268 Archelai
1152 2219 1185 2267 et

146 2303 167 2329 “
181 2292 308 2350 Manetis
328 2293 551 2369 disputationem
571 2295 734 2369 contigisse.
777 2295 862 2350 Certe
876 2294 932 2349 hoc
945 2309 1038 2366 neque
1051 2308 1184 2347 ex'erro·

145 2379 169 2408 “
183 2373 260 2429 ribus
275 2373 420 2432 nonnullis
440 2373 606 2439 Historicis,
621 2393 692 2448 quos
707 2376 830 2450 scriptor
843 2374 902 2429 sive
917 2373 1043 2439 admisit,
1057 2372 1118 2427 sive
1130 2370 1184 2427 ad·

145 2461 168 2487 “
183 2454 293 2510 misisse
308 2453 428 2519 videtur,
442 2472 534 2527 neque
549 2473 583 2509 ex
598 2464 725 2510 veterum
740 2465 769 2509 et
787 2455 977 2510 recentiorum
992 2451 1184 2526 quorumdam

146 2543 168 2569 “
182 2534 217 2590 de
234 2535 279 2589 his
298 2535 380 2591 Actis
402 2533 516 2589 silentio
538 2533 656 2590 firmiter
676 2535 748 2590 effici
762 2543 868 2610 potest.
908 2531 1025 2608 Majora
1039 2550 1108 2587 vero
1122 2549 1184 2587 non

145 2621 167 2648 “
181 2613 269 2671 hahet
283 2615 326 2669 vir
340 2615 518 2670 doctissimus
533 2624 711 2688 argumenta,
725 2615 774 2688 qui
795 2612 946 2669 excellenti
965 2611 1079 2687 quidem
1101 2612 1184 2687 inge·

145 2701 168 2729 “
181 2695 232 2751 nio
246 2694 392 2770 praeditus,
406 2712 502 2750 verum
519 2692 601 2769 justo
623 2694 777 2769 proclivior
790 2693 901 2750 eratad
916 2703 1042 2748 veterum
1056 2692 1184 2768 scripto·

144 2780 167 2808 “
181 2793 243 2830 rum
259 2774 487 2828 Christianorum
507 2774 589 2828 fidem
608 2775 817 2839 infirmandam,
831 2784 861 2828 et
874 2771 1047 2849 conjecturis
1062 2772 1122 2827 suis
1136 2772 1184 2827 ni·
1198 2804 1202 2812 -

145 2860 169 2887 “
183 2855 235 2909 mis
251 2871 325 2928 saepe
339 2852 453 2908 fidebat.
488 2852 634 2926 Quidquid
654 2855 681 2908 id
697 2865 749 2920 est,
764 2873 874 2927 magnae
889 2864 984 2909 tamen
999 2850 1183 2925 antiquitatis

144 2940 168 2968 “
184 2932 461 2988 commendationem
475 2932 537 2987 haec
551 2934 622 2988 Acta
640 2932 759 2999 habent,
775 2942 803 2988 et
818 2933 894 3008 quod
908 2951 962 2987 nec
975 2932 1036 3008 ipsc
1050 2930 1185 2986 adversa·

145 3019 169 3045 “
184 3013 242 3068 rius
262 3030 360 3067 eorum
381 3011 493 3066 diffiteri
512 3012 590 3076 velit,
606 3013 695 3068 multa
710 3014 871 3080 continent,
886 3022 935 3067 aut
949 3010 1031 3068 valde
1043 3009 1184 3086 probahi-

145 3099 167 3126 “
181 3091 231 3158 lia,
245 3101 295 3147 aut
309 3110 376 3146 vero
390 3091 626 3149 consentientia.”
649 3093 806 3167 Hucusque
819 3093 1008 3148 Moshemius.
1044 3090 1117 3146 Haec
1131 3099 1185 3146 ant

143 3171 213 3229 talia
231 3173 339 3227 interea
365 3174 534 3227 Asseruanus
553 3173 682 3230 Bibliolh.
699 3176 800 3230 Orieni.
817 3183 887 3228 toni.
902 3174 920 3230 i.
941 3191 969 3248 p.
984 3170 1053 3226 556.
1068 3175 1091 3202 “
1102 3169 1184 3226 Pho·

146 3259 167 3285 “
181 3253 239 3309 tius
258 3252 329 3308 Cod.
346 3252 393 3308 85.
410 3261 532 3307 testatur
550 3252 763 3327 Hegemonium
783 3252 924 3327 quendam
945 3251 1184 3328 Disputationem

144 3339 166 3366 “
181 3333 316 3390 Archelai
331 3333 463 3389 adversus
477 3331 625 3387 Maneteur
641 3334 846 3409 perscripsisse.
881 3332 994 3392 Quibus
1013 3329 1106 3386 verbis
1124 3330 1184 3386 hoc

144 3419 167 3446 “
179 3423 291 3470 tantum
307 3413 492 3486 significatur,
509 3412 679 3468 Archelaum
697 3412 934 3488 Disputationern
948 3411 1060 3477 fecisse,
1074 3421 1104 3465 et
1119 3409 1185 3465 He·

143 3499 168 3526 “
182 3493 345 3568 gemonium
365 3491 454 3546 literis
472 3494 684 3566 consignasse.’'
721 3493 776 3548 Sed
796 3494 874 3547 huuc
896 3491 1111 3566 Hegemouium
1129 3505 1193 3546 au-'

143 3582 304 3629 tumaverat
324 3572 437 3627 demum
460 3573 564 3627 Cavius
585 3572 720 3628 Archelai
743 3574 815 3648 Syro
837 3591 968 3627 sermone
990 3590 1041 3626 sun
1061 3586 1185 3645 compo·

144 3653 238 3708 nentis
254 3651 385 3706 Graecum
405 3653 587 3727 interpretem
606 3651 702 3708 fuisse.
746 3653 873 3708 Caschar
885 3653 1018 3726 denique,
1035 3670 1098 3725 quae
1113 3648 1193 3706 urbs·

143 3731 363 3807 Mesopotamiae
383 3741 523 3797 censetur,
538 3733 568 3786 in
589 3732 692 3788 finibus
714 3732 882 3808 Babyloniae
901 3733 966 3798 sita,
982 3728 1119 3788 Archelai
1137 3747 1187 3787 se·

144 3811 209 3868 dem
222 3811 320 3878 fuisse,
335 3811 457 3886 reperias
478 3829 536 3866 non
556 3820 668 3868 tantum
688 3813 763 3888 apud
783 3815 971 3868 Assemanum
991 3811 1140 3884 Zacagnio
1153 3818 1187 3866 et

71 3961 78 3968 ,
145 3891 235 3948 Cario
256 3891 290 3947 de
309 3892 362 3945 hac
382 3909 411 3945 re
430 3891 682 3959 contradicentem,
697 3893 745 3948 sed
761 3902 789 3948 et
803 3893 878 3969 apud
892 3891 1088 3948 Mamachium
1105 3891 1187 3964 Orig.
1222 3913 1227 3922 ·

145 3979 172 4028 et
182 3974 318 4044 Antiquit.
336 3971 505 4034 Christianis,
521 3980 590 4029 tom.
606 3973 636 4028 ii.
655 3971 705 4029 lib.
717 3974 747 4030 ii.
762 3991 824 4049 cap.
837 3973 865 4028 4.
880 3992 908 4049 p.
922 3973 971 4032 95.
985 3981 1015 4028 et
1029 3968 1188 4028 Paulinum

145 4072 162 4107 a
176 4051 205 4110 S.
217 4050 434 4108 Bartholomaeo
449 4051 531 4107 India
547 4053 679 4109 Orientali
692 4072 758 4130 pag.
770 4053 878 4109 4-10.
956 4106 960 4111 .
