2684 4740
152 263 171 326 8
491 263 856 332 ANNOTATIONES

153 443 237 497 trum
249 455 281 520 p.
294 432 401 499 xxxiii.
417 445 450 498 et
464 446 633 533 propterea
647 436 736 521 quod
751 436 922 518 Miltiadis,
938 438 987 504 vel
999 450 1035 504 ut
1050 437 1104 502 bic
1117 437 1195 502 scri·

151 518 241 583 bitur
256 541 385 597 nomen,
400 520 562 599 Mitindu,
577 520 724 596 baeretici,
735 523 903 608 cujusdam
925 524 1124 590 mentionem
1144 524 1197 588 in·

111 626 114 630 ’
146 603 230 754 y'ecit
249 603 422 692 fragmenti
442 605 580 683 Auctor,
603 606 688 675 istud
710 607 795 677 idem
821 622 1005 696 excerptum
1028 610 1094 674 vult
1116 610 1197 674 Gal-

165 688 278 755 andius
299 691 457 778 pertinere
478 693 518 755 ad
539 693 814 776 Disputationem,
832 718 926 781 quam
948 697 1097 761 adversus
1120 695 1199 758 Pro·

152 775 263 841 culum
294 799 350 841 seu
381 779 529 843 Proclum
560 777 843 864 Cataphrygarunr
876 778 1198 871 sectatoreQCaius

152 863 348 948 composuit.
397 863 593 948 Anonymus
622 865 707 927 enim
739 865 875 950 scriptor
900 867 987 951 apud
1017 865 1198 930 Eusebium

151 946 210 1011 lib.
225 972 253 1011 v.
271 947 358 1013 Hist.
372 969 403 1023 c,
416 956 465 1012 16.
484 971 540 1014 seu
555 971 651 1034 supra
665 950 696 1012 in
712 949 789 1013 Vol.
806 974 879 1014 meo
897 953 941 1014 ll.
958 974 990 1036 p.
1004 964 1055 1027 73.
1072 952 1132 1015 sub
1145 951 1200 1036 ip-

40 1105 43 1114 ,
151 1054 225 1096 sum
242 1034 367 1098 initium
385 1035 503 1133 operis,
516 1035 603 1120 quod
619 1035 767 1099 adversus
780 1036 1006 1122 cataphrygas
1021 1035 1201 1115 contexuit,
1233 1050 1236 1056 '

151 1118 299 1183 haeresim
318 1132 462 1183 nommat
476 1120 648 1184 Miltiadis
674 1122 783 1269 I&uod
798 1135 905 1186 tamen
923 1122 1083 1186 Gallandii
1098 1142 1199 1207 argu·

151 1217 310 1284 mentum,
325 1205 452 1270 etiamsi
466 1205 659 1270 delectione
715 1206 846 1285 iltiadis‚
859 1209 951 1294 cujus
965 1209 1042 1284 loco
1054 1205 1200 1275 Alcibia-

151 1288 205 1353 des
215 1291 360 1355 nonnulli
373 1292 483 1356 volunt
495 1313 658 1377 reponere,
671 1289 949 1369 satis'constiteriu
960 1292 1045 1357 baud
1057 1293 1134 1356 satis
1144 1314 1201 1356 va·

76 1399 78 1402 ⁴
151 1373 232 1439 leret
245 1376 285 1438 ad
298 1376 400 1440 hocce
415 1378 631 1462 fragmentum
648 1376 730 1441 Caio
743 1378 980 1442 vindicandum.
1008 1380 1105 1447 Porro
1117 1379 1201 1442 Mu·

150 1461 319 1524 ratorianae
334 1461 376 1525 de
391 1461 472 1527 Caio
492 1463 687 1547 conjecturae
709 1479 903 1548 opposuerat
919 1485 987 1526 sese
1003 1465 1043 1526 V.
1056 1464 1101 1526 D.
1117 1464 1204 1526 Eve-

150 1546 263 1622 rardus
286 1547 467 1627 Stoscbius,
483 1547 538 1634 qui
559 1549 626 1633 ipse
647 1549 678 1611 in
699 1548 960 1615 Camntentatione
977 1549 1014 1612 de
1030 1545 1201 1619 Librorum

152 1631 234 1698 Noui
254 1633 338 1697 Test.
356 1634 488 1710 Curione,
509 1635 534 1696 F
535 1633 657 1699 rancol.
675 1633 714 1696 ad
732 1633 887 1698 Viadrum
908 1634 987 1697 edit.
1005 1645 1201 1708 anno'1755,

150 1717 383 1803 Fragmentum
413 1731 486 1803 post
514 1718 734 1784 Muratorium
764 1720 922 1804 repeti-vit.
968 1719 1026 1784 Ait
1051 1716 1136 1798 enim
1166 1717 1201 1782 in

151 1803 184 1885 ξ.
194 1801 272 1868 lxiii.
283 1823 315 1889 p.
330 1819 397 1882 199.
411 1818 615 1890 argumenta,
627 1827 698 1890 quae
709 1803 750 1866 ad
761 1804 980 1890 conjecturam
997 1825 1086 1867 suam
1103 1821 1201 1867 com·

149 1887 365 1953 mendandam
382 1888 467 1952 idem
484 1891 575 1954 affert
590 1889 801 1967 Muratorius,
813 1891 842 1953 ei
858 1911 970 1974 parum
987 1886 1202 1973 probabilita-

149 1973 192 2037 tis
207 1973 400 2053 conciliare:
427 1975 559 2062 “Quod
574 1975 657 2039 enim
678 1975 776 2041 Caius
792 1975 961 2060 epistolam
978 1974 1020 2038 ad
1036 1973 1201 2043 Hebraeos

149 2064 175 2098 “
191 2058 340 2144 rejecerit
354 2072 507 2146 tanquam
523 2083 587 2123 non
605 2061 817 2138 Canonicam,
834 2061 867 2124 id
883 2060 944 2144 ipsi
959 2081 1035 2125 cum
1051 2058 1202 2143 pluribus

149 2149 172 2183 “
182 2143 268 2216 aliis,
279 2147 404 2211 Irenaeo
417 2168 445 2209 e.
456 2169 490 2231 g.
502 2158 535 2211 et
549 2146 746 2232 Hippolyto,
760 2145 826 2211 imo
838 2159 920 2211 teste
933 2144 1074 2210 Eusebio
1087 2141 1146 2207 lib.
1155 2143 1199 2207 vi.

149 2234 173 2268 “
187 2251 218 2292 c.
230 2244 279 2294 20.
296 2245 329 2295 et
345 2231 549 2317 Hieronymo
563 2232 620 2308 De=
628 2231 716 2296 Viris
733 2230 787 2293 Ill.
802 2254 831 2294 c.
845 2237 895 2294 60.
910 2228 1145 2314 cumpluribus
1162 2249 1200 2292 a·

150 2319 173 2352 “
186 2313 237 2390 liis
251 2317 405 2380 Romanae
417 2318 561 2380 ecclesiae
573 2316 760 2382 doctoribus
771 2337 945 2381 commune
958 2316 1030 2379 fuit.
1053 2315 1097 2377 Et
1108 2312 1202 2400 quod

149 2402 329 2466 “Hermas
348 2404 549 2486 temporibus
566 2402 717 2466 Auctoris
734 2403 919 2486 fragmenti,
936 2402 1101 2464 Pastorem
1116 2421 1202 2462 con·-

150 2488 353 2573 “scripsisse
371 2487 507 2564 dicatur,
527 2487 601 2569 (vid.
622 2509 718 2572 supra
740 2509 771 2570 p.
787 2490 830 2568 5.)
850 2486 882 2550 id
903 2485 943 2549 ad
963 2485 1062 2549 alium
1082 2505 1202 2570 quem-

149 2577 173 2611 “
189 2594 317 2659 cunque
332 2574 388 2659 qui
403 2595 442 2637 ea
457 2586 551 2637 aetate
566 2574 653 2651 vixit,
670 2573 824 2657 applicari
838 2571 977 2656 potest.’'
1020 2572 1108 2633 Dum
1124 2590 1202 2633 vero

151 2656 193 2720 cl.
209 2659 378 2723 Stoschius
394 2662 445 2740 §b
461 2659 515 2722 lxi.
533 2672 566 2725 et
581 2658 647 2720 lxii.
664 2658 878 2744 abjudicanda
892 2657 962 2719 haec
979 2656 1060 2719 Caio
1074 2667 1200 2733 censet,

151 2755 323 2827 propterea
345 2744 433 2827 quod
456 2743 541 2805 idem
560 2742 659 2806 Caius
675 2742 761 2825 apud
779 2742 954 2805 Eusebium
972 2740 1028 2804 lib.
1044 2740 1088 2803 iii.
1104 2738 1200 2803 Hiar.

151 2848 183 2889 c.
196 2839 246 2890 28.
262 2827 482 2912 Apocalypsin
499 2828 632 2892 loannis
654 2827 800 2890 Cerinthi
820 2849 889 2892 esse
910 2826 1082 2902 existimet,
1098 2845 1200 2910 quam

150 2911 282 2999 quidem
306 2914 433 2977 Auctor
455 2913 628 2998 fragmenti
650 2934 709 2996 pro
732 2912 816 2975 libro
839 2912 994 2976 canonico
1017 2911 1136 2985 habet3
1164 2908 1202 2974 id

151 2996 338 3063 meminisse
356 2998 525 3074 debemus,
543 2999 638 3060 verba
654 2997 726 3060 Caii
741 2997 906 3060 utrumad
922 2994 1145 3082 Apocalypsin
1163 2995 1201 3059 S.

150 3083 285 3148 Joannis
301 3084 493 3168 pertineant,
510 3084 616 3146 adhuc
633 3085 692 3145 sub
703 3082 816 3168 judice
832 3105 916 3158 esse3
941 3104 1004 3166 qua
1018 3082 1058 3144 de
1072 3102 1107 3143 re
1121 3101 1200 3143 curn

151 3191 210 3233 nos
236 3168 277 3240 ad
304 3168 374 3255 ejus
398 3171 591 3254 Fragmenta
619 3168 740 3254 aliquid
766 3167 1000 3245 annotavimuS,
1023 3167 1054 3228 in
1079 3163 1141 3228 vol.
1165 3163 1202 3229 ii.

150 3253 326 3341 Reliquiar.
345 3276 422 3339 pag.
442 3261 488 3318 16.
510 3268 578 3317 tum
600 3276 674 3316 vcro
697 3253 738 3316 cl.
757 3253 990 3317 Freindallerus
1012 3249 1202 3334 Fragmenti

150 3337 250 3426 hujus
272 3362 413 3425 nuperus
436 3340 552 3417 editor,
572 3338 612 3402 de
633 3361 699 3423 quo
720 3360 798 3401 mox
816 3337 1017 3436 memorabo,
1034 3334 1200 3413 disseruit,

151 3426 206 3508 bg.
218 3443 249 3504 9.
263 3440 295 3488 et
310 3441 356 3489 10.
383 3425 482 3488 Aliud
497 3425 627 3508 insuper
641 3438 690 3488 est
704 3439 932 3508 argumentum
950 3435 1063 3485 contra
1078 3417 1201 3482 Caium

151 3510 337 3584 aStoschio
352 3511 396 3573 ita
435 3511 628 3594 ropositum3
645 3523 809 3572 auctorem
824 3507 997 3593 fragmenti
1010 3504 1058 3568 vel
1071 3502 1202 3588 penitus

151 3595 361 3681 ignoravisse,
378 3531 433 3657 vel
446 3595 558 3658 saltem
576 3616 639 3657 non
658 3593 928 3671 animadvertisse,
941 3590 1093 3676 epistolas
1109 3587 1203 3654 Pauli

151 3679 276 3760 dudum
288 3697 361 3745 ante
371 3681 468 3744 visam
481 3693 513 3743 et
525 3679 645 3745 editam
655 3681 805 3744 aloanne
817 3678 964 3764 apostolo
973 3672 1201 3760 Apocalypsin

152 3766 288 3851 scyiptas
303 3769 412 3843 fuisse,
424 3765 528 3850 qualis
540 3765 670 3850 quidem
688 3786 777 3828 error
790 3780 824 3828 et
836 3762 1048 3848 incogitantia
1061 3757 1202 3823 difficul-

152 3862 202 3917 ter
215 3852 255 3915 de
268 3851 360 3928 Caio,
373 3874 470 3938 quem
485 3852 645 3914 Eusebius
658 3851 700 3914 H.
710 3851 752 3913 E.
764 3850 803 3914 ui.
813 3864 862 3913 20.
875 3846 958 3932 ἄνδρα
971 3845 1157 3929 λογιώτατον,
1166 3855 1203 3908 et

152 3936 247 4024 cujus
268 3937 575 4002 commentationem
597 3951 711 3999 contra
731 3935 882 4000 Proclum.
903 3933 1035 3997 Photius
1054 3929 1129 3995 cod.
1144 3940 1202 3994 48.

153 4021 294 4095 σπεὸαίαν
312 4023 432 4100 διάλεξιν
450 4034 554 4098 vocat,
573 4021 699 4106 concipi
718 4020 830 4106 possit.
876 4018 929 4082 Sic
947 4018 1000 4082 ille
1010 4041 1020 4095 3
1042 4014 1106 4080 hoc
1122 4034 1201 4078 vero

154 4112 240 4193 παρὰ
250 4107 296 4177 τᾶν
306 4106 406 4195 χρόνον
420 4107 575 4172 duntaxat
585 4107 742 4192 Aycoiprnpa
754 4106 850 4182 foret,
886 4103 952 4175 uod
965 4104 1086 4167 interea
1100 4119 1203 4185 opor·

154 4204 223 4260 tere
244 4194 290 4263 ita
310 4192 486 4263 existimari
507 4199 665 4282 negarent
685 4213 762 4256 cum
788 4188 874 4278 Epip
898 4188 971 4266 anio
993 4186 1144 4253 intHcar.
1165 4183 1202 4285 li.
