2684 4740
378 248 616 367 Arctoum
638 290 724 365 rao
747 291 963 365 omerus.
1123 304 1186 375 295
1222 386 1224 391 Δ

142 469 309 547 empore
321 459 452 531 Domini
466 472 644 549 utrumqne.
686 461 869 548 Unicuique
884 461 984 539 enirn,
996 468 1095 546 prout
1108 457 1185 546 dig.-

143 592 228 642 mum
247 580 313 651 est,
336 570 486 651 tribuere,
504 569 641 659 justitia
664 569 728 639 boc
751 570 916 656 proprium
945 580 1005 633 est.
1050 569 1185 654 Propter

139 679 238 767 quod
248 692 284 747 et
294 702 447 752 ,mensum
457 675 582 768 integ'ra
591 692 628 745 et
645 679 771 767 porrdus
785 680 909 768 aequale
922 678 1186 767 acceptabilem

142 788 236 876 aptrd
246 791 377 871 Deum
400 812 465 855 non
480 790 543 866 hoc
559 790 647 876 quod
665 790 818 859 ntentitur
832 789 1009 868 veritatem,
1024 810 1082 875 per
1093 785 1186 874 quod

144 898 437 985 selplusdouetur
456 900 552 967 rebus
572 921 670 986 quam
684 899 799 965 merita
818 910 1009 987 exposcunt,
1031 898 1082 963 vel
1104 897 1185 971 sub-

142 1006 286 1079 trulritur
304 1009 429 1074 meritis
449 1008 538 1098 quod
563 1009 708 1081 debetur.
752 1012 882 1098 Quanto
904 1009 1023 1077 rectius
1050 1019 1185 1094 agerent

140 1117 378 1189 obtrectatores
399 1121 471 1207 ipsi,
485 1122 512 1186 si
527 1123 648 1210 absque
667 1122 735 1190 ulle
746 1122 846 1192 animi
865 1123 1092 1208 praeventione,
1107 1142 1184 1191 cum

141 1227 649 1321 mirmigioneveritatisquam
657 1231 807 1298 omnibus
816 1232 971 1318 proximis
982 1231 1098 1298 nostris
1106 1252 1185 1297 cum

143 1336 282 1408 mutate
298 1337 453 1425 jubemur
471 1341 663 1427 expendere,
682 1341 898 1428 intelligerent
911 1353 944 1404 et
958 1342 1064 1426 ipsum
1083 1363 1186 1421 unum

145 1445 193 1520 de
204 1447 359 1534 proximis
374 1471 443 1516 esse
457 1451 574 1536 quibus
587 1452 754 1520 caritatem
777 1474 817 1519 en
837 1450 992 1517 mandato
1013 1450 1183 1530 debemus,

148 1568 186 1622 et
198 1571 358 1625 assumtus
373 1559 473 1625 libros
486 1559 557 1647 ejus
571 1561 717 1648 legerent
730 1583 805 1629 cum
821 1582 860 1625 ea
874 1559 976 1640 venia,
997 1581 1094 1646 quam
1117 1558 1187 1644 ipse

146 1666 185 1732 in
195 1667 438 1736 prefationibus
453 1671 519 1735 suis
533 1670 689 1758 deposcit,
703 1671 806 1736 sicubi
816 1670 906 1738 venia
916 1670 1052 1755 dignum
1063 1666 1187 1753 aliquid

148 1776 337 1847 invenirent.
379 1781 478 1851 Nunc
499 1802 573 1845 vero
588 1802 607 1845 e
622 1779 786 1844 contrario
807 1777 913 1850 videas
931 1800 987 1842 eos
1008 1777 1188 1872 maledictis

148 1887 485 1978 quidem-probrisque
499 1889 579 1955 mihi
595 1912 659 1954 non
674 1911 802 1976 parcere
812 1913 822 1968 ;
845 1911 900 1955 eos
918 1910 991 1959 vero
1011 1888 1067 1974 qui
1087 1886 1189 1975 scrip*

150 2011 296 2068 tutatum
325 1999 604 2086 intelligendarum
631 1999 808 2073 secundum
837 1998 1025 2074 mandatum
1050 1997 1188 2066 Domini

145 2119 186 2179 et
202 2107 377 2178 ,salvatoris
398 2094 511 2188 nostri,
532 2108 675 2175 studium
696 2121 825 2196 gerunt,
843 2109 1015 2175 electione
1029 2109 1188 2180 librorum

149 2216 222 2306 ejus
231 2216 406 2299 deterrere,
420 2218 575 2309 quaelibet
587 2217 684 2284 etiam
699 2217 761 2283 alia
775 2218 894 2304 inepte,
907 2218 1004 2289 etiam
1021 2217 1101 2285 nihil
1111 2239 1188 2303 pror
1257 2297 1260 2301 ,

149 2326 270 2425 future,
286 2328 395 2414 potius
410 2350 509 2415 quam
522 2328 608 2394 illius
623 2328 883 2396 Commentarios
898 2328 964 2414 legi
977 2327 1094 2416 debere
1104 2327 1189 2393 affirr
1248 2368 1250 2372 .

148 2448 288 2509 mentes,
1031 2517 1036 2527 ,
1079 2516 1082 2521 4

196 2546 237 2618 ln
265 2545 381 2632 quibus
409 2567 497 2632 saepe
525 2546 623 2616 etiarn
656 2545 783 2612 ridiculi
817 2545 937 2632 aliquid
971 2546 1039 2632 pati
1068 2547 1188 2616 solent,

152 2647 241 2729 Nun
257 2668 296 2726 ‚nt
309 2677 422 2727 eorum
438 2657 640 2727 contentiose
657 2655 859 2742 praesumtio,
883 2657 932 2726 vel
954 2667 992 2719 ut
1013 2655 1116 2729 verius
1139 2656 1190 2726 di-

146 2784 239 2845 cans,
250 2765 463 2852 ‚praejudicata
473 2765 599 2832 vesania
611 2765 736 2839 facilius
748 2764 937 2844 declaretur,
948 2764 1093 2835 accidere
1107 2765 1191 2834 solet

151 2873 203 2945 vel
216 2896 305 2953 casn,
318 2876 367 2940 vel
385 2875 548 2943 interdurn
570 2874 690 2954 studio,
713 2888 750 2942 ut
772 2874 903 2940 nomine
927 2874 960 2950 in
985 2874 1099 2945 codice
1122 2896 1189 2945 non

152 2984 350 3070 praetitulato
371 2985 500 3070 legatur
520 2983 644 3071 aliquid
663 2983 762 3069 ipsius
783 2984 817 3049 in
838 2983 1190 3054 auribus-obtrectator

150 3115 226 3165 sum
249 3093 341 3179 quasi
362 3093 491 3159 alterius
505 3093 712 3159 Tractatoris.
757 3093 856 3182 Quod
878 3092 1004 3161 tamdiu
1027 3093 1135 3187 placet
1155 3103 1191 3162 et

145 3203 318 3284 laudatur,
339 3217 437 3292 atque
458 3205 492 3271 in
513 3203 602 3272 o'mni
624 3202 835 3271 admiratione
860 3202 1010 3284 habetur,
1034 3202 1191 3290 quamdiu

153 3336 274 3382 nomen
297 3338 363 3381 non
385 3315 483 3381 fuerit
504 3316 691 3385 indicatum.
735 3317 783 3380 At
807 3317 864 3381 ubi
885 3317 1034 3402 Origenis
1057 3317 1191 3403 cognita

152 3424 273 3495 fuerint
286 3446 355 3491 esse
368 3447 443 3512 quae
456 3425 637 3512 placebant,
658 3424 765 3490 statim
788 3424 969 3516 displicent,
985 3425 1099 3505 ¹stntim
1120 3425 1190 3496 haer

155 3534 338 3608 necessse
351 3535 521 3603 dicuntur:
541 3549 575 3601 et
587 3557 626 3601 ea
639 3534 821 3621 qusepeulo
841 3545 915 3599 ante
934 3534 976 3602 ad
997 3536 1112 3606 caelum
1136 3558 1192 3607 ue·
1212 3601 1213 3606 ,

154 3666 219 3732 que
240 3645 438 3725 ferebantur,
460 3644 575 3713 iisdem
597 3643 727 3712 vocibus
753 3643 930 3731 eademque
956 3644 1192 3733 linguamque
1241 3704 1245 3711 .,

154 3754 199 3821 ed
217 3754 339 3827 inferos
367 3754 607 3840 demerguntur.
656 3754 813 3818 Praetorea
838 3753 936 3846 etiam
958 3752 1043 3826 >illud
1067 3766 1118 3820 est
1142 3755 1193 3825 in·

155 3862 376 3951 venine,qu0d
388 3869 620 3951 ,nonnunquam
636 3861 715 3933 tales
729 3874 806 3927 sunt
819 3876 1022 3936 accusatores
1039 3862 1120 3951 ejus,
1132 3862 1193 3950 qui
1242 3935 1248 3942 κ

154 3974 382 4045 nec-Graecam
395 3973 541 4045 noverint
554 3973 718 4058 linguamr
742 3970 803 4044 alii,
817 3972 1012 4046 omnimodis
1031 3971 1193 4057 imperitis

156 4073 444 4157 nonnulli-:etiamsi
457 4081 580 4170 aliquid
593 4080 738 4154 videntur
756 4080 875 4151 habere
897 4081 1033 4167 peritias,
1056 4101 1121 4146 non
1141 4091 1192 4146 ta-

157 4191 351 4266 mesenam
373 4189 407 4262 id
428 4190 525 4262 studii
545 4188 699 4268 ¹habuisse
717 4189 932 4276 inveniuntur,
954 4202 991 4264 ut
1011 4187 1101 4261 libris
1122 4188 1193 4284 ejus

645 4313 705 4372 114
762 4330 765 4334 ·
