2684 4740
243 285 481 354 ARCHELAI
502 289 560 354 ET
580 284 786 352 MANETIS
808 280 1096 348 DISPUTATIO.
1134 299 1192 365 231

219 541 531 616 ³ARCHELAO
557 540 808 615 EPlSCOPO
834 536 1113 613 DlODORUS

623 665 656 728 S.
671 665 717 728 D.

193 795 271 857 XL.
294 794 409 858 Scina
434 807 466 857 te
485 794 570 873 volo,
592 791 830 879 religiosissime
846 792 947 868 Pater,
965 789 1116 876 quoniam
1133 787 1191 853 ad·

159 901 239 966 venit
266 902 399 989 quidam
429 903 462 966 in
491 902 604 967 diebus
630 902 710 979 istis,
740 899 870 964 nomine
895 900 1022 976 Manes,
1052 897 1093 962 ad
1118 898 1192 961 loca

161 1026 275 1094 nostra,
291 1015 345 1100 qui
362 1016 434 1079 novi
458 1016 641 1079 testamenti
663 1015 840 1079 doctrinam
865 1034 898 1076 se
920 1011 1093 1098 adimplere
1115 1032 1192 1096 pro·

158 1121 265 1185 mittit.
310 1125 353 1186 Et
367 1123 498 1210 quidem
513 1136 604 1188 erant
618 1123 765 1209 quaedam
782 1122 814 1184 in
831 1121 892 1199 his,
908 1144 980 1207 quae
994 1122 1035 1184 ab
1049 1142 1088 1183 eo
1104 1119 1192 1184 dice·

156 1228 280 1309 bantur,
303 1247 418 1298 nostrae
444 1233 518 1298 fidei
530 1258 540 1312 3
565 1232 712 1320 quaedam
736 1253 809 1296 vero
835 1231 994 1294 asserebat
1019 1229 1119 1314 longe
1139 1227 1190 1291 di·

154 1360 243 1404 versa
257 1341 300 1404 ab
314 1342 363 1421 iis,
378 1366 450 1428 quae
466 1365 485 1406 a
500 1357 608 1407 nostra
623 1340 780 1427 bpaterna
796 1338 967 1402 traditione
983 1337 1192 1402 descendunt.

154 1449 434 1533 Interpretabatur
460 1451 546 1514 enim
572 1449 721 1536 quaedam
749 1449 863 1526 aliene,
889 1447 1007 1533 quibus
1033 1447 1129 1511 etiam
1154 1469 1194 1512 ex

142 1558 292 1642 *propriis
313 1558 463 1640 addebat,
486 1583 559 1646 quse
582 1560 661 1623 mihi
684 1559 774 1623 valde
794 1558 961 1644 peregrina
980 1557 1044 1621 visa
1059 1570 1145 1635 sunt,
1159 1571 1192 1621 et

150 1664 261 1729 infida.
307 1667 368 1730 Pro
384 1669 501 1753 quibus
516 1669 613 1732 etiarn
629 1682 792 1754 permotus
808 1690 879 1731 sum
898 1667 1036 1730 scribere
1059 1666 1128 1730 haec
1149 1664 1190 1729 ad

155 1787 202 1852 te,
229 1773 334 1838 sciens
355 1775 510 1840 doctrinae
532 1789 598 1842 tuae
620 1779 798 1863 perfectum
821 1789 854 1840 et
875 1776 1093 1862 plenissimum
1117 1796 1190 1838 sen·

152 1903 238 1961 sum,
254 1883 405 1968 quoniam
422 1886 520 1949 latere
536 1902 568 1950 te
584 1887 700 1951 horum
717 1885 796 1949 nihil
811 1899 919 1970 potest
928 1909 938 1962 ;
960 1897 994 1950 et
1016 1884 1090 1961 ideo
1111 1905 1189 1948 con-

153 1990 230 2055 fisus
243 2014 316 2056 sum
330 1993 370 2057 ad
385 1995 583 2080 explananda
600 1997 692 2059 nobis
714 1995 796 2073 haeo,
817 1994 933 2058 invidia
956 2007 988 2058 te
1010 2017 1073 2058 non
1096 2014 1191 2079 posse

150 2099 327 2183 prohiberi.
371 2104 527 2189 Quamvis
543 2125 601 2167 nee
617 2126 680 2189 ego
695 2104 825 2189 quidem
842 2105 875 2166 in
899 2105 1033 2168 alterum
1049 2104 1189 2190 aliquem

149 2205 297 2270 inclinari
312 2209 472 2292 potuerim
488 2232 629 2289 sensum,
645 2224 752 2274 tamen
768 2224 899 2296 propter
913 2211 1074 2297 simplices
1090 2231 1189 2296 quoa·

151 2334 229 2399 que,
256 2327 321 2379 taae
345 2317 543 2381 auctoritatis
566 2319 752 2404 compulsus
777 2340 846 2381 sum
872 2317 1042 2403 implorare
1068 2337 1190 2381 sermo·

122 2429 237 2488 ‘ncm.
284 2425 425 2490 Revera
448 2426 533 2489 enim
561 2426 607 2490 vir
632 2426 721 2490 valde
743 2425 912 2490 vehemens
937 2441 1003 2490 tam
1030 2447 1188 2507 sermone,

150 2556 250 2621 quam
267 2555 374 2620 opere,
396 2535 451 2599 sed
474 2548 507 2600 et
528 2548 659 2620 aspectu
680 2535 763 2619 ipso,
787 2548 884 2620 atque
909 2533 1020 2599 habitu
1045 2549 1189 2621 apparet.

148 2643 215 2708 Sed
228 2657 262 2709 et
277 2666 379 2729 pauca
393 2643 553 2730 qaaedam,
575 2668 648 2731 quae
669 2642 803 2708 retinere
825 2665 956 2729 possum
982 2666 1022 2708 ex
1045 2644 1095 2722 iis,
1115 2667 1190 2735 que

147 2751 191 2816 ab
213 2773 255 2816 eo
274 2751 362 2816 dieta
382 2766 468 2831 sunt,
485 2752 590 2816 scribo
611 2751 681 2830 tibi,
703 2751 805 2815 sciens
827 2751 902 2837 quia
920 2751 1010 2815 exiis
1024 2752 1119 2816 etiam
1136 2774 1188 2817 re·

146 2862 238 2948 liqna
262 2861 434 2947 intelliges.
478 2860 578 2924 Nosti
607 2859 683 2945 quia
710 2880 833 2922 morem
864 2858 949 2922 hunc
977 2860 1106 2940 habeat,
1132 2863 1188 2949 qui

149 2971 276 3056 dogma
296 2969 426 3056 aliquod
446 2991 585 3033 asserere
606 2967 728 3047 volunt,
747 2980 785 3031 ut
807 2990 1008 3054 quaecunque
1031 2969 1189 3034 voluerint

146 3080 187 3144 de
214 3081 386 3165 Scriptnris
407 3100 581 3157 assumere,
603 3078 673 3141 haec
695 3077 882 3162 propensius
905 3079 954 3142 sui
976 3079 1187 3164 intelligentia

147 3189 330 3276 depravent.
359 3189 421 3252 Sed
435 3189 497 3252 hoc
510 3187 703 3274 praeveniens
713 3188 922 3271 Apostolicus
934 3188 1066 3253 denotat
1079 3211 1185 3253 sermo

145 3297 269 3376 dicens,
284 3296 344 3359 ²85
359 3297 429 3383 qais
443 3295 524 3360 vobis
541 3295 772 3359 annuntiaverit
785 3306 905 3378 praeter
919 3296 1001 3382 qaod
1013 3297 1184 3381 accepistis,

145 3405 313 3471 anathema
332 3405 385 3470 sit.
430 3408 544 3491 ltaque
564 3404 736 3489 posthaec,
752 3426 825 3489 qaae
842 3404 942 3467 semel
957 3405 998 3468 ab
1014 3405 1184 3489 Apostolis

175 3605 188 3628 ⁸
206 3595 321 3642 Meminit
332 3594 407 3654 hujus
419 3594 525 3655 epistolae
537 3594 687 3656 Epiphanius
699 3593 724 3640 in
736 3593 879 3641 haehaeresi
898 3609 960 3640 num
979 3606 1015 3644 11.
1030 3596 1131 3658 ejusque
1148 3613 1190 3646 ar·

142 3692 304 3745 gumentum,
316 3699 366 3730 non
377 3694 460 3731 autem
472 3682 553 3741 verba,
563 3692 591 3729 ut
606 3682 716 3729 Petavius
733 3683 908 3743 interpretatur,
925 3683 1026 3731 breviter
1041 3686 1120 3732 refert.
1154 3687 1184 3734 ln

143 3763 217 3810 titulo
226 3763 303 3823 hujus
315 3765 424 3825 epistolae
435 3780 492 3821 vox,
505 3762 607 3821 salutem,
617 3763 683 3810 deest
699 3763 724 3809 in
742 3763 825 3809 codice
842 3763 976 3822 Casinensi,
992 3766 1034 3812 sed
1050 3766 1154 3824 literam,
1165 3760 1191 3825 s,'

142 3858 200 3892 am
211 3857 296 3890 vocem
310 3845 467 3901 indicantem,
479 3853 583 3905 repetere
603 3842 710 3904 neglexit
727 3842 847 3902 librarius,
863 3857 892 3890 eo
908 3846 974 3904 quod
990 3846 1014 3893 in
1032 3847 1082 3894 fine
1098 3863 1188 3910 prece·

142 3925 223 3972 dentis
234 3926 300 3971 vocis
309 3927 404 3972 existat.

173 4003 184 4034 ὓ
199 4005 303 4053 Videant
315 4006 420 4053 haeretici
431 4021 508 4067 quarn
522 4005 586 4053 clare
598 4015 649 4052 tam
662 4005 713 4062 hic,
726 4020 802 4066 quam
813 4007 874 4054 infra
885 4007 1006 4057 Diodorus
1017 4012 1127 4071 antiquas
1139 4011 1184 4058 Ec·

140 4084 223 4133 clesiae
234 4086 372 4134 traditiones
384 4088 519 4146 sequendas
530 4085 758 4147 amplectendasque
769 4101 820 4136 esse
830 4086 942 4137 declaret.

586 4164 733 4239 manas.
800 4223 803 4226 <

635 4290 693 4340 ot
