2684 4740
252 496 258 505 ’
367 530 980 670 Aunornrrouus

128 754 132 761 ·
215 844 218 848 ,
255 752 315 834 ΙΝ
349 756 387 836 s.
417 755 671 840 mouisti
699 755 1096 839 ALEXANDRINI

502 958 848 1056 FRAGMENTA,
1064 934 1069 941 ’

194 1127 287 1223 oon
305 1160 354 1217 nx
373 1164 496 1221 murus
515 1166 603 1222 arus
622 1167 675 1220 un
693 1165 855 1220 urruns
873 1163 1025 1217 sumam
1044 1161 1154 1216 suut.
1245 1130 1247 1135 ’

415 1364 417 1371 ’
537 1367 816 1420 -ψ-

157 1620 161 1625 ,
194 1547 392 1615 Ρ.345.1.3.
414 1551 464 1615 Ex
489 1546 579 1616 libris
606 1549 677 1616 e'us
699 1551 740 1616 de
761 1551 889 1618 Natura
910 1553 952 1618 ad
970 1549 1196 1641 Timotheum]

141 1633 213 1700 -Ait
221 1635 387 1702 Eusebius
401 1636 433 1702 in
452 1636 540 1702 Hist.
554 1637 620 1701 Ecc
637 1684 645 1701 .
657 1637 713 1702 lib.
724 1637 776 1703 vii.
790 1660 863 1725 cap.
875 1646 925 1704 26.
943 1655 1116 1727 postquam
1130 1643 1200 1728 epi-

148 1721 251 1787 stolas
271 1721 396 1809 aliquot
415 1723 569 1810 Dionysii
590 1723 760 1800 recensuit,
775 1726 834 1787 Kal
848 1725 965 1802 πλείους
980 1728 1007 1789 δὲ
1023 1729 1109 1814 παρὰ
1127 1727 1200 1792 ταῦ-

149 1832 204 1883 τας
219 1808 287 1873 siclt
300 1810 374 1873 ariri
388 1811 460 1897 παρ’
476 1813 539 1892 ἡμῖν
552 1809 692 1889 inscctari,
716 1807 763 1890 aa}
783 1812 812 1890 δὴ
832 1810 879 1888 καὶ
901 1817 1053 1888 πολυεπεῖς
1072 1812 1153 1898 λόγοι
1164 1818 1214 1885 ts..

132 1894 279 1972 ,ὴιςολῆς
298 1893 645 2004 χαρακτῆρινγραφέντες·
678 1898 713 1971 ὥς
735 1900 758 1958 oi
783 1899 851 1982 ampl
876 1899 983 1982 φύσεως
1004 1899 1135 1986 Τιμοθέῳ
1159 1906 1202 1986 τῷ
1229 1958 1231 1963 ,

148 1980 236 2045 statii
251 1999 525 2066 ωροσπεφωνημενοι,
537 1982 585 2048 καὶ
600 1985 613 2044 ὁ
628 1982 696 2067 περὶ
711 1986 888 2068 πειρασμῶν·
907 1985 968 2048 dte.
1002 1985 1064 2050 Sed
1078 1995 1107 2049 el
1122 1984 1200 2051 alica
1304 2005 1305 2008 ’

146 2064 257 2150 plures
279 2077 351 2130 sunt
371 2067 458 2152 apud
479 2090 532 2132 nos
556 2066 644 2131 illius
662 2067 829 2152 epistolae:
853 2081 882 2134 et
901 2069 1093 2156 prolixiores
1114 2068 1200 2152 libri,

190 2149 313 2221 molari
320 2152 437 2302 {orma
451 2175 488 2218 uc
502 2151 576 2217 stilo
592 2153 767 2238 conscripti.
808 2155 988 2240 Cujusnmdi
1007 2168 1079 2220 sant
1096 2155 1148 2220 illi
1162 2157 1201 2222 de

144 2286 150 2295 .
185 2249 281 2303 atara
296 2238 320 2301 li
340 2239 380 2320 ri,
395 2238 551 2304 Timotheo
563 2255 660 2324 puero
675 2238 821 2305 dedicati.
846 2242 924 2305 [lem
941 2240 1019 2304 liber
1033 2241 1071 2306 de
1086 2242 1202 2308 Tenta-

145 2323 300 2403 tionilus,
316 2325 376 2390 &m
420 2325 488 2390 Ubi
501 2325 664 2403 Valesius,
678 2332 699 2365 “
713 2327 762 2389 Ex
776 2325 840 2389 hoc
855 2325 938 2391 libro
952 2327 992 2391 de
1007 2320 1136 2393 Natura
1149 2329 1200 2408 in·

148 2415 172 2451 “
189 2410 283 2497 signe
296 2410 515 2501 fragmentum
534 2411 626 2475 affert
645 2411 804 2479 Eusebius
822 2412 856 2475 in
871 2411 929 2476 lib.
941 2412 1003 2477 xiv.
1020 2413 1062 2477 de
1076 2435 1199 2502 praepa-
1286 2460 1296 2470 .

147 2499 173 2537 ‘⁴
186 2495 313 2562 satione
329 2496 390 2560 sub
406 2497 524 2562 finem„
560 2495 626 2560 Hic
640 2518 736 2582 porro
750 2497 903 2583 Dionysii
918 2497 1000 2563 liber
1014 2498 1055 2564 de
1070 2501 1200 2566 Natura

148 2588 172 2621 “
187 2597 395 2667 nuncupatus
408 2595 476 2647 erat
489 2580 621 2668 Τιμοθέῳ
635 2587 676 2668 τῷ
688 2581 785 2646 παιδί.
809 2584 895 2650 Quae
932 2584 1042 2649 uidem
1056 2607 1116 2650 vox
1127 2609 1199 2651 am·

143 2672 172 2708 ‘⁴
187 2667 297 2754 biguae
313 2666 557 2754 significationis
572 2682 631 2732 est.
664 2669 838 2734 Musculus
853 2607 983 2756 quidem
999 2684 1031 2734 et
1048 2669 1199 2736 Christo·

136 2750 175 2795 Ὗ(
212 2752 373 2818 horsonus
384 2752 497 2840 filium
518 2754 719 2840 interpretati
742 2770 827 2818 sunt.
872 2758 944 2841 Ego
961 2772 1093 2841 puerrtrn
1107 2758 1196 2824 verti.

148 2844 183 2901 “..
223 2860 308 2925 eque
337 2841 422 2904 enim
449 2839 598 2904 existimo
624 2840 823 2927 Dionysium
850 2842 1026 2928 conjugem
1053 2867 1198 2930 unquam

147 2931 172 2966 “
186 2923 349 2997 habuisse.
394 2924 516 2990 Eadem
542 2924 713 2990 difficultas
741 2927 883 2991 occurrit
906 2949 1002 3014 supra
1025 2929 1058 2993 in
1080 2928 1138 2996 lib.
1156 2931 1197 2996 vi.

148 3017 172 3053 “
187 3031 259 3096 cap.
281 3011 355 3076 40.''
396 3012 480 3076 Haec
500 3009 567 3075 ille.
609 3011 661 3076 lbi
686 3011 838 3078 nimirum
864 3012 989 3078 reddita
1015 3015 1104 3102 fugae
1129 3039 1198 3082 suae

145 3095 274 3162 ratione
293 3097 326 3160 in
346 3096 434 3162 hunc
449 3095 581 3161 modum
598 3097 779 3185 Dionysius
793 3099 922 3164 locutus
938 3115 1000 3179 est,
1015 3101 1072 3186 ἔγω
1093 3127 1126 3165 τε
1146 3105 1198 3167 καὶ

147 3187 174 3251 si
193 3183 295 3259 ωαιδές
312 3183 335 3270 si,
352 3185 460 3246 πολλοὶ
480 3186 534 3247 τῶν
553 3185 677 3266 ἀδελφῶν
695 3181 758 3266 ἅμα
778 3185 999 3269 συνεξήλθομενε
1027 3209 1124 3272 porro
1139 3188 1198 3253 ubi

140 3266 219 3334 illas
240 3291 290 3333 res
313 3282 431 3349 narrat,
453 3291 527 3355 quae
550 3268 611 3333 sibi
634 3284 709 3355 post
732 3271 845 3354 lugam
869 3271 951 3334 hano
975 3272 1196 3358 contigerunt,
1266 3331 1269 3336 .

147 3365 322 3441 antequam
349 3353 576 3419 Alexandriam
606 3356 719 3419 urbem
750 3355 909 3434 rediisset,
939 3356 985 3418 ibi
1014 3356 1054 3420 de
1082 3358 1197 3423 Timo-

148 3437 229 3504 theo
251 3440 288 3504 fit
309 3439 432 3506 mentio
444 3464 454 3520 3
483 3440 569 3504 unde
586 3439 700 3526 judice
722 3440 869 3504 Fabricio
892 3439 934 3504 ad
953 3441 1195 3530 Hieronymum

147 3525 202 3589 De
215 3525 301 3591 Viris
312 3523 440 3590 illustr.
453 3546 525 3612 cap.
536 3532 585 3604 69.
598 3525 700 3589 filium
715 3525 868 3613 Dionysii
882 3526 1092 3591 Timotheum
1109 3527 1196 3614 hunc

131 3608 249 3683 ‚fuisse
263 3610 482 3698 colligendum
498 3624 558 3676 est.
597 3610 688 3675 Idem
704 3633 801 3697 porro
816 3610 856 3675 de
872 3611 1027 3699 conjugio
1040 3613 1195 3702 Dionysii

147 3696 296 3763 vid0ntur
310 3697 427 3761 sentire
441 3708 475 3761 et
488 3697 716 3762 Tillemontius
736 3696 769 3761 in
785 3696 956 3762 anoires
969 3697 1060 3762 Eccl.
1075 3699 1137 3765 vol.
1152 3700 1194 3766 iv.

146 3804 182 3870 p.
197 3797 265 3848 101.
280 3781 332 3847 ed.
344 3782 479 3856 Bruxel.
496 3795 529 3848 et
544 3782 707 3847 Strothius
727 3794 883 3847 annotans
904 3782 945 3847 ad
966 3783 1106 3849 diversos
1127 3784 1195 3850 his·

146 3867 241 3935 toriae
256 3866 448 3934 Eusebianae
463 3868 566 3934 locos.
611 3867 666 3932 Sin
686 3868 732 3932 ita
752 3891 786 3934 se
806 3891 857 3933 res
880 3868 1034 3949 habebat,
1050 3869 1196 3936 nondum

146 3967 257 4020 tamen
269 3954 457 4041 episcopum
469 3954 590 4019 factum
603 3974 672 4018 esse
684 3954 893 4042 Dionysium,
904 3977 980 4020 cum
992 3968 1086 4019 natus
1097 3954 1196 4023 fuerit

145 4039 353 4121 Timotheus,
368 4039 573 4118 crediderim,
587 4052 758 4127 propterea
772 4040 860 4128 quod
882 4050 1010 4128 tempus
1025 4040 1193 4129 episcopa·

145 4138 201 4190 tus
213 4124 286 4214 ejus
296 4127 548 4201 annodsedecim
566 4148 631 4191 non
646 4124 815 4193 excederet
820 4149 831 4208 3
846 4126 967 4214 etquis
979 4125 1195 4228 gravisargu·

144 4211 437 4289 menti-tractatum
451 4212 553 4281 cuivis
562 4210 723 4361 ¹puerillem
740 4224 869 4280 aetatem
890 4212 978 4279 haud
990 4233 1127 4299 egresso
1143 4236 1194 4280 vix

626 4317 647 4361 B
702 4311 722 4361 2
813 4311 815 4316 ’
