2684 4740
142 316 230 408 328⁴
474 317 844 388 *Auuornrrours
933 382 938 389 ,
1061 354 1067 362 .

145 502 287 570 secutus,
299 490 331 555 in
346 510 411 578 quo
426 500 535 557 tamen
550 490 706 557 ἐκνεόσασι.
735 493 810 559 Lin.
824 514 956 582 quoque
970 510 1020 561 11.
1034 493 1195 565 interrex

145 579 250 653 endem
266 577 330 641 cod.
347 577 476 662 reposui
491 598 550 665 pro
564 576 697 655 &vinens
1144 625 1167 653 ,-

190 665 226 728 Ρ.
240 677 309 728 358.
326 661 350 726 1.
366 677 394 727 1.
416 666 494 727 κατὰ
515 665 630 751 ῥυθμὸν]
653 664 732 730 MS.
753 667 817 727 κατ’
837 667 968 753 dgr-ipit,
982 688 1002 730 a
1017 690 1089 755 quo
1103 669 1197 737 abest

146 748 194 831 xo)
206 748 346 836 caputia,
360 748 576 922 scribiturrpuc
590 750 623 817 in
636 750 740 816 eodem
754 750 818 815 cod.
833 753 1068 833 σφενδοηθέντος.

191 834 276 901 Ibid.
291 835 315 899 l.
330 851 361 900 5.
383 836 414 906 τὸ
430 835 519 914 ξένους
550 837 669 902 MStus
681 836 853 903 articulum
870 838 1113 924 suppeditabat.

190 921 275 986 Ibid.
299 926 335 986 Εἰ
350 947 392 985 oro
411 921 533 1001 εόσονταφ
549 921 624 1008 dic]
642 923 726 988 Haec
740 924 866 990 restitui
880 946 920 988 ex
937 925 1081 993 Versione
1094 936 1151 992 τῶν
1164 926 1196 993 α’.

147 1007 368 1075 consentiente
383 947 512 1073 duretis·
526 1008 638 1088 usn,
651 1016 870 1098 pr'aeterquam
885 1009 974 1098 quod
991 1011 1029 1079 in
1051 1033 1094 1077 eo
1116 1015 1196 1079 scri·

146 1093 235 1161 bitur
251 1094 448 1181 dnoprv'ronror
466 1116 528 1181 pro
548 1100 573 1175 ri
591 1121 633 1160 nr.
659 1094 758 1182 Vulgo
779 1097 869 1162 enim
885 1096 1125 1185 Etmptcmar
1138 1122 1197 1187 pro

148 1185 171 1246 ri
186 1207 227 1244 or.
243 1195 276 1244 et
289 1179 445 1263 κατάλυμα
461 1203 520 1267 pro
535 1180 670 1245 καθόλου.
1210 1234 1213 1244 .

166 1300 170 1307 ·
191 1266 313 1335 ibid-i.
328 1281 376 1331 13.
397 1269 457 1330 Kat
480 1265 528 1330 ὅτε
548 1268 659 1345 tantu,
675 1265 724 1332 ἔτι
741 1267 816 1353 810]
836 1267 955 1353 Incipit
966 1268 1077 1337 abhis
1095 1271 1198 1337 verbis

147 1366 247 1440 caput
266 1358 316 1416 26.
341 1351 572 1432 Eusebianurn‚
587 1354 641 1418 cui
657 1353 709 1418 hic
725 1353 840 1418 titulus
855 1355 1003 1439 praetixus
1018 1371 1082 1421 est.
1127 1356 1199 1421 'Auo‘

144 1443 196 1517 ris
212 1443 267 1505 ἀνθ
292 1436 302 1462 '
327 1450 350 1501 ε’
363 1437 479 1522 priores.
499 1439 617 1504 ἀπὸτοῦ
632 1440 716 1504 ariri.
760 1439 847 1505 Idem
862 1462 902 1504 ex
918 1439 1066 1512 Hominis
1080 1455 1198 1509 notura

148 1522 235 1590 conci
283 1523 353 1588 'un
376 1524 433 1589 Ex
446 1524 562 1591 eodenu
994 1539 998 1547 '
1019 1588 1023 1596 ,
1048 1581 1051 1587 .

194 1613 229 1675 P.
240 1625 310 1690 359.
326 1610 348 1675 1.
364 1624 392 1673 1.
414 1608 461 1688 xo)
479 1609 550 1675 rim
570 1609 618 1695 dr]
642 1609 751 1676 Licuit
771 1632 834 1697 ope
855 1612 961 1679 Msti.
981 1614 1197 1680 8101.αά-

88 1723 90 1727 ·
151 1697 228 1763 dere
248 1694 439 1784 particulam
464 1694 509 1776 riv,
530 1697 563 1763 in
587 1719 654 1784 quo
676 1711 784 1762 tamen
808 1697 922 1763 codice
946 1697 1105 1786 scriptum
1132 1715 1199 1768 erat

150 1783 220 1872 ἅπερ
235 1789 248 1847 ὁ
264 1782 454 1866 συνηθημένος
468 1804 528 1870 pro
541 1780 634 1871 ὥσπερ
648 1808 679 1846 c.

78 1942 86 1950 ,
195 1869 280 1934 Ibid.
296 1868 359 1932 l.3.
383 1867 429 1949 xo)
451 1869 749 1956 προσπεξαργάσατο
775 1866 809 1932 ἂν
831 1871 868 1943 ὠς
891 1871 1001 1956 ἐκεῖνος]
1025 1869 1129 1958 Vulgo
1153 1871 1198 1935 nai

63 1957 68 1968 '
151 1953 441 2043 σροσεπεξεςγάσατο
455 1953 489 2019 dr
504 1959 611 2029 ἐκεῖνος.
647 1956 720 2042 Ope
736 1953 842 2033 Msti‚
856 1955 889 2019 in
904 1973 1099 2042 quotamen
1111 1982 1200 2044 προσ-

152 2040 347 2127 εξειργάσατο,
368 2041 477 2105 locum
504 2039 683 2106 emendavi.
728 2041 846 2105 Statim
868 2055 944 2105 ante
964 2042 998 2106 in
1021 2043 1130 2106 eodem
1152 2056 1199 2109 ω’.

152 2126 219 2194 dice
237 2125 354 2191 desunt
374 2126 430 2191 illa
449 2125 577 2190 ἓπλασάν
595 2153 630 2207 με
652 2124 698 2205 καὶ
714 2124 835 2192 Psalm.
851 2125 953 2191 cxviii.
968 2127 1017 2193 vel
1038 2126 1124 2192 cxix.
1144 2127 1199 2195 ubi

151 2213 260 2279 LXX.
276 2212 398 2277 habent
416 2219 447 2276 ai
464 2210 557 2298 χεῖρές
578 2236 628 2276 σου
649 2210 779 2290 ἐποίησάν
799 2237 836 2293 με
856 2211 903 2291 καὶ
919 2212 1049 2277 {rumoris
1064 2240 1113 2296 ps.
1158 2216 1200 2279 Et

151 2299 250 2386 paulo
264 2313 340 2385 post
360 2299 391 2362 in
413 2299 485 2386 ῥήσει
500 2297 640 2363 Jobiana
654 2297 748 2385 ἔνυςας
766 2297 801 2360 h.
811 2319 839 2360 e.
857 2296 962 2385 ἔνευρας
977 2320 1037 2386 pro
1053 2297 1155 2386 ἔναρας
1168 2299 1199 2364 in

152 2385 250 2450 Msro
267 2383 396 2449 Eusebii
411 2398 578 2448 exaratum
594 2396 652 2446 est.
1073 2399 1076 2404 ·

197 2472 282 2536 Ibid.
299 2472 320 2535 1.
337 2486 386 2534 11.
409 2469 663 2557 κατᾳκλειῶεἶσῳ]
677 2468 754 2533 MS.
771 2467 1004 2548 narninndsiw.

198 2559 233 2622 P.
244 2564 314 2622 360.
329 2555 351 2621 l.
367 2572 415 2620 10.
436 2557 530 2640 πᾶσι]
544 2557 620 2620 Hoc
635 2570 802 2641 sumptum
815 2576 855 2618 ex
867 2554 912 2618 M
913 2555 965 2618 Sto
979 2557 1111 2641 praetuli
1127 2557 1199 2623 vul·

176 2655 228 2710 010
244 2644 314 2707 urcio
331 2671 355 2718 ς.
1201 2711 1203 2714 ,

151 2667 174 2733 g
198 2730 283 2795 lbid.
299 2671 329 2794 li
341 2736 388 2794 16.
411 2730 490 2806 ἐδωδὴ
504 2729 526 2789 δ’
541 2725 660 2815 ὥσπερ]
677 2728 731 2793 Sic
748 2727 876 2792 MStus.
913 2726 1014 2815 Vulgo
1034 2729 1122 2794 eninr
1142 2731 1200 2795 ab·

154 2828 204 2882 est
217 2815 256 2880 δέ.
293 2818 335 2879 Et
350 2838 425 2879 mox
441 2821 455 2891 ἡ
470 2817 523 2897 ἁφὴ
539 2837 579 2878 ex
594 2814 698 2879 eodem
712 2835 771 2900 pro
786 2815 840 2894 ἁφὴ
854 2814 960 2900 posui.

200 2904 234 2966 P.
248 2909 319 2966 361.
333 2901 355 2965 1.
368 2914 398 2964 4.
419 2903 493 2987 πρὸς
507 2902 554 2964 τὸν
568 2903 699 2963 δοκοῦντα
714 2898 893 2988 λογιώτεςον]
912 2900 995 2964 Haec
1010 2899 1055 2964 ait
1069 2899 1208 2988 Diony··

155 2987 222 3055 sius
244 2987 478 3072 disputaturus,
498 3001 535 3050 ut
557 2985 691 3064 videtur,
714 2998 826 3050 contra
847 2985 1082 3071 philosophum
1106 2986 1201 3052 habi·

154 3089 225 3141 turn
242 3071 442 3137 disertiorem
460 3083 494 3135 et
508 3071 540 3135 in
556 3070 694 3136 dicendo
709 3071 960 3142 exercitationem
973 3071 1135 3157 Epicuro,
1148 3071 1203 3159 qui

156 3159 289 3249 quidem
304 3157 475 3222 indisertus
491 3157 590 3243 vulgo
604 3156 746 3222 extitisse
760 3157 932 3222 ferebatur.
1006 3220 1009 3224 ,
1181 3170 1184 3175 ’

200 3245 285 3312 Ibid.
301 3245 323 3310 1.
339 3259 386 3308 12.
407 3251 422 3322 ἡ
443 3243 585 3329 περίγειος
604 3242 708 3327 κτίσις]
725 3242 911 3308 Articulum
927 3265 967 3309 ex
981 3244 1084 3309 MSto
1106 3245 1202 3310 resti·

153 3328 213 3400 tut.
1063 3376 1069 3382 »

200 3421 235 3483 P.
247 3425 317 3484 362.
332 3419 354 3483 l.
372 3433 399 3482 1.
421 3416 561 3500 διαμονῆς]
582 3416 696 3501 Vulgo
717 3418 852 3498 διανομῆς.
885 3415 987 3481 Scribi
1010 3437 1088 3480 vero
1110 3417 1204 3483 aliter

156 3507 282 3586 διαμονῆς
308 3516 400 3568 notat
424 3504 456 3567 in
483 3501 629 3587 margine
656 3503 810 3587 Vigerus‚
835 3513 1026 3588 vertensque
1056 3514 1202 3588 praestat.

158 3593 256 3663 Porro
281 3590 364 3654 hanc
392 3610 503 3652 vocem
519 3609 626 3672 -supra
650 3587 842 3652 adhibuerat
869 3587 1047 3673 Dionysius
1074 3609 1106 3674 p.
1131 3603 1203 3655 351.

156 3677 180 3742 l.
199 3691 247 3740 11.
268 3675 371 3750 αἰτίους
390 3676 507 3760 pinsetur
524 3680 571 3750 τῆς
590 3674 649 3759 περὶ
664 3678 712 3753 τὴν
726 3676 852 3755 διαμονὴν
866 3675 1026 3760 διαφθορᾶς,
1041 3673 1093 3738 vel
1109 3677 1206 3756 διαφοὲ

155 3768 217 3850 ρᾶς,
230 3760 411 3846 corrigente
426 3762 561 3846 Viger0.
585 3760 712 3846 Itaque,
725 3759 929 3828 cumeadem
945 3773 1032 3824 extet
1045 3760 1081 3825 in
1092 3761 1204 3839 MSto‚

155 3852 189 3917 in
205 3858 392 3913 contextum
408 3868 477 3910 earn
494 3845 611 3930 recepi.

202 3934 286 3999 Ibid.
303 3932 326 3997 l.
340 3947 369 3996 2.
391 3936 439 4010 τὴν
461 3933 577 4017 χρῆσιν]
601 3932 678 3995 Hoc
703 3931 809 4015 recepi
831 3930 863 3994 in
889 3944 1013 3996 textum
1037 3953 1078 3996 ex
1108 3933 1204 3999 MSto

156 4043 217 4108 pro
232 4025 280 4099 τὴν
296 4017 396 4105 κρίσιν,
411 4017 467 4081 sed
482 4019 571 4083 etad
588 4038 677 4081 oram
694 4015 769 4080 edit.
786 4040 853 4080 sure
867 4017 1008 4103 Vigerus
1025 4021 1205 4097 notaverat,

158 4105 254 4172 scribi
268 4105 421 4182 aliterrir
432 4109 547 4188 χρῆσιν.
583 4104 709 4169 Interea
724 4116 809 4166 recte
824 4125 966 4189 quoque,
983 4101 1015 4167 ni
1030 4103 1138 4183 fallor,
1154 4125 1204 4169 re·

158 4212 271 4279 ponas,
281 4194 325 4278 ἐχ
340 4189 441 4274 ὁμοίαν
454 4188 521 4274 (vel
537 4192 580 4275 ἐχ
596 4187 707 4272 ὁμοίως)
724 4186 810 4273 ἵχεσι
824 4193 872 4268 τὴν
886 4196 1002 4273 γνῶσιν,
1016 4209 1077 4275 pro
1093 4190 1152 4257 illo
1167 4191 1202 4253 rix
