<?xml version="1.0" encoding="UTF-8"?>
<!DOCTYPE html PUBLIC "-//W3C//DTD XHTML 1.0 Transitional//EN"
    "http://www.w3.org/TR/xhtml1/DTD/xhtml1-transitional.dtd">
<html xmlns="http://www.w3.org/1999/xhtml" xml:lang="en" lang="en">
 <head>
  <title>
</title>
<meta http-equiv="Content-Type" content="text/html;charset=utf-8" />
  <meta name='ocr-system' content='tesseract 3.04.00' />
  <meta name='ocr-capabilities' content='ocr_page ocr_carea ocr_par ocr_line ocrx_word'/>
</head>
<body>
  <div class='ocr_page' id='page_1' title='image "./reliquiaesacrae10routgoog_0198.png"; bbox 0 0 2684 4740; ppageno 0'>
   <div class='ocr_carea' id='block_1_1' title="bbox 133 276 1096 415">
    <p class='ocr_par' dir='ltr' id='par_1_1' title="bbox 133 276 1096 415">
     <span class='ocr_line' id='line_1_1' title="bbox 133 276 1096 415; baseline -0.008 -15"><span class='ocrx_word' id='word_1_1' title='bbox 133 276 375 399; x_wconf 72' lang='lat' dir='ltr'>ascraeum</span> <span class='ocrx_word' id='word_1_2' title='bbox 395 331 452 395; x_wconf 80' lang='lat' dir='ltr'>nr</span> <span class='ocrx_word' id='word_1_3' title='bbox 474 331 681 397; x_wconf 76' lang='lat' dir='ltr'>Mausrrs</span> <span class='ocrx_word' id='word_1_4' title='bbox 703 328 979 395; x_wconf 76' lang='lat' dir='ltr'>ursrursrro</span> <span class='ocrx_word' id='word_1_5' title='bbox 1036 346 1096 415; x_wconf 77' lang='lat'>195</span> 
     </span>
    </p>
   </div>
   <div class='ocr_carea' id='block_1_2' title="bbox 41 500 1101 4370">
    <p class='ocr_par' dir='ltr' id='par_1_2' title="bbox 41 500 1101 4370">
     <span class='ocr_line' id='line_1_2' title="bbox 47 500 1092 588; baseline -0.005 -22"><span class='ocrx_word' id='word_1_6' title='bbox 47 500 231 576; x_wconf 81' lang='lat' dir='ltr'>munitione</span> <span class='ocrx_word' id='word_1_7' title='bbox 245 514 425 565; x_wconf 82' lang='lat' dir='ltr'><strong>constante.</strong></span> <span class='ocrx_word' id='word_1_8' title='bbox 457 501 547 587; x_wconf 73' lang='lat' dir='ltr'>Quid</span> <span class='ocrx_word' id='word_1_9' title='bbox 560 504 667 566; x_wconf 82' lang='lat' dir='ltr'>taces?</span> <span class='ocrx_word' id='word_1_10' title='bbox 698 502 785 588; x_wconf 71' lang='lat' dir='ltr'>Quid</span> <span class='ocrx_word' id='word_1_11' title='bbox 801 501 935 564; x_wconf 90' lang='lat' dir='ltr'>moraris</span> <span class='ocrx_word' id='word_1_12' title='bbox 950 511 998 577; x_wconf 92' lang='lat' dir='ltr'>tu,</span> <span class='ocrx_word' id='word_1_13' title='bbox 1014 500 1092 562; x_wconf 87' lang='lat' dir='ltr'>Ma-</span> 
     </span>
     <span class='ocr_line' id='line_1_3' title="bbox 49 608 1094 695; baseline -0.003 -21"><span class='ocrx_word' id='word_1_14' title='bbox 49 608 199 674; x_wconf 82' lang='lat' dir='ltr'>oielroeel</span> <span class='ocrx_word' id='word_1_15' title='bbox 234 611 370 674; x_wconf 85' lang='lat' dir='ltr'>Etiamsi</span> <span class='ocrx_word' id='word_1_16' title='bbox 392 624 428 673; x_wconf 92' lang='lat' dir='ltr'>tu</span> <span class='ocrx_word' id='word_1_17' title='bbox 449 611 586 688; x_wconf 83' lang='lat' dir='ltr'>differas,</span> <span class='ocrx_word' id='word_1_18' title='bbox 604 611 773 695; x_wconf 82' lang='lat' dir='ltr'>aggrediar</span> <span class='ocrx_word' id='word_1_19' title='bbox 794 632 864 671; x_wconf 86' lang='lat' dir='ltr'>mea</span> <span class='ocrx_word' id='word_1_20' title='bbox 886 621 1013 694; x_wconf 87' lang='lat' dir='ltr'>sponte.</span> <span class='ocrx_word' id='word_1_21' title='bbox 1058 608 1094 671; x_wconf 87' lang='lat' dir='ltr'>Si</span> 
     </span>
     <span class='ocr_line' id='line_1_4' title="bbox 48 716 1091 802; baseline 0 -22"><span class='ocrx_word' id='word_1_22' title='bbox 48 716 138 780; x_wconf 74' lang='lat' dir='ltr'>onim</span> <span class='ocrx_word' id='word_1_23' title='bbox 159 716 285 794; x_wconf 79' lang='lat' dir='ltr'>dixeris,</span> <span class='ocrx_word' id='word_1_24' title='bbox 304 717 379 802; x_wconf 86' lang='lat' dir='ltr'>quia</span> <span class='ocrx_word' id='word_1_25' title='bbox 397 717 489 780; x_wconf 87' lang='lat' dir='ltr'>Deus</span> <span class='ocrx_word' id='word_1_26' title='bbox 511 717 712 796; x_wconf 83' lang='lat' dir='ltr'>destruxerit,</span> <span class='ocrx_word' id='word_1_27' title='bbox 732 718 891 802; x_wconf 83' lang='lat' dir='ltr'>requiram</span> <span class='ocrx_word' id='word_1_28' title='bbox 914 717 994 801; x_wconf 89' lang='lat' dir='ltr'>quid</span> <span class='ocrx_word' id='word_1_29' title='bbox 1015 739 1091 780; x_wconf 92' lang='lat' dir='ltr'>eum</span> 
     </span>
     <span class='ocr_line' id='line_1_5' title="bbox 48 824 1093 913; baseline -0.002 -22"><span class='ocrx_word' id='word_1_30' title='bbox 48 825 190 891; x_wconf 73' lang='lat' dir='ltr'>moverit</span> <span class='ocrx_word' id='word_1_31' title='bbox 206 824 249 889; x_wconf 82' lang='lat' dir='ltr'>ad</span> <span class='ocrx_word' id='word_1_32' title='bbox 268 826 499 890; x_wconf 82' lang='lat' dir='ltr'>destruendum</span> <span class='ocrx_word' id='word_1_33' title='bbox 520 827 595 906; x_wconf 87' lang='lat' dir='ltr'>hoc,</span> <span class='ocrx_word' id='word_1_34' title='bbox 608 828 697 913; x_wconf 90' lang='lat' dir='ltr'>quod</span> <span class='ocrx_word' id='word_1_35' title='bbox 718 829 806 912; x_wconf 88' lang='lat' dir='ltr'>prius</span> <span class='ocrx_word' id='word_1_36' title='bbox 826 841 957 912; x_wconf 93' lang='lat' dir='ltr'>propter</span> <span class='ocrx_word' id='word_1_37' title='bbox 971 828 1093 912; x_wconf 90' lang='lat' dir='ltr'>impor-</span> 
     </span>
     <span class='ocr_line' id='line_1_6' title="bbox 47 934 1094 1021; baseline -0.001 -22"><span class='ocrx_word' id='word_1_38' title='bbox 47 935 226 999; x_wconf 78' lang='lat' dir='ltr'>tunitatem</span> <span class='ocrx_word' id='word_1_39' title='bbox 241 935 387 1020; x_wconf 82' lang='lat' dir='ltr'>maligni,</span> <span class='ocrx_word' id='word_1_40' title='bbox 398 950 431 999; x_wconf 89' lang='lat' dir='ltr'>et</span> <span class='ocrx_word' id='word_1_41' title='bbox 444 937 676 1020; x_wconf 86' lang='lat' dir='ltr'>separationem</span> <span class='ocrx_word' id='word_1_42' title='bbox 693 937 760 1021; x_wconf 86' lang='lat' dir='ltr'>ipse</span> <span class='ocrx_word' id='word_1_43' title='bbox 776 948 955 998; x_wconf 87' lang='lat' dir='ltr'>extruxerat</span> <span class='ocrx_word' id='word_1_44' title='bbox 967 938 982 998; x_wconf 82' lang='lat' dir='ltr'>l.</span> <span class='ocrx_word' id='word_1_45' title='bbox 1003 934 1094 1021; x_wconf 75' lang='lat' dir='ltr'>Quid</span> 
     </span>
     <span class='ocr_line' id='line_1_7' title="bbox 51 1020 1094 1129; baseline 0 -23"><span class='ocrx_word' id='word_1_46' title='bbox 51 1040 164 1122; x_wconf 80' lang='lat' dir='ltr'>iratus,</span> <span class='ocrx_word' id='word_1_47' title='bbox 178 1020 237 1107; x_wconf 74' lang='lat' dir='ltr'>aiut</span> <span class='ocrx_word' id='word_1_48' title='bbox 251 1044 336 1128; x_wconf 85' lang='lat' dir='ltr'>&#39;quid</span> <span class='ocrx_word' id='word_1_49' title='bbox 358 1043 467 1107; x_wconf 84' lang='lat' dir='ltr'>damni</span> <span class='ocrx_word' id='word_1_50' title='bbox 487 1065 668 1129; x_wconf 85' lang='lat' dir='ltr'>perpessus,</span> <span class='ocrx_word' id='word_1_51' title='bbox 683 1044 851 1107; x_wconf 86' lang='lat' dir='ltr'>adversum</span> <span class='ocrx_word' id='word_1_52' title='bbox 874 1064 907 1104; x_wconf 91' lang='lat' dir='ltr'>se</span> <span class='ocrx_word' id='word_1_53' title='bbox 925 1042 993 1127; x_wconf 91' lang='lat' dir='ltr'>ipse</span> <span class='ocrx_word' id='word_1_54' title='bbox 1007 1062 1094 1127; x_wconf 87' lang='lat' dir='ltr'>pug-</span> 
     </span>
     <span class='ocr_line' id='line_1_8' title="bbox 49 1150 1096 1240; baseline -0.002 -24"><span class='ocrx_word' id='word_1_55' title='bbox 49 1172 130 1216; x_wconf 70' lang='lat' dir='ltr'>nare</span> <span class='ocrx_word' id='word_1_56' title='bbox 143 1154 333 1218; x_wconf 84' lang='lat' dir='ltr'>contendit?</span> <span class='ocrx_word' id='word_1_57' title='bbox 363 1155 433 1218; x_wconf 90' lang='lat' dir='ltr'>Aut</span> <span class='ocrx_word' id='word_1_58' title='bbox 447 1154 593 1240; x_wconf 90' lang='lat' dir='ltr'>nunquid</span> <span class='ocrx_word' id='word_1_59' title='bbox 608 1155 650 1218; x_wconf 92' lang='lat' dir='ltr'>de</span> <span class='ocrx_word' id='word_1_60' title='bbox 664 1154 799 1239; x_wconf 88' lang='lat' dir='ltr'>maligni</span> <span class='ocrx_word' id='word_1_61' title='bbox 814 1152 1021 1216; x_wconf 82' lang='lat' dir='ltr'>facultatibus</span> <span class='ocrx_word' id='word_1_62' title='bbox 1036 1150 1096 1214; x_wconf 87' lang='lat' dir='ltr'>ali-</span> 
     </span>
     <span class='ocr_line' id='line_1_9' title="bbox 51 1258 1095 1348; baseline -0.001 -26"><span class='ocrx_word' id='word_1_63' title='bbox 51 1258 132 1344; x_wconf 85' lang='lat' dir='ltr'>quid</span> <span class='ocrx_word' id='word_1_64' title='bbox 151 1260 357 1345; x_wconf 80' lang='lat' dir='ltr'>concupivit?</span> <span class='ocrx_word' id='word_1_65' title='bbox 389 1260 491 1348; x_wconf 71' lang='lat' dir='ltr'>Quod</span> <span class='ocrx_word' id='word_1_66' title='bbox 507 1261 533 1324; x_wconf 88' lang='lat' dir='ltr'>si</span> <span class='ocrx_word' id='word_1_67' title='bbox 552 1261 667 1326; x_wconf 89' lang='lat' dir='ltr'>horum</span> <span class='ocrx_word' id='word_1_68' title='bbox 692 1261 772 1324; x_wconf 92' lang='lat' dir='ltr'>nihil</span> <span class='ocrx_word' id='word_1_69' title='bbox 791 1261 825 1323; x_wconf 90' lang='lat' dir='ltr'>in</span> <span class='ocrx_word' id='word_1_70' title='bbox 844 1273 1003 1322; x_wconf 88' lang='lat' dir='ltr'>causaest</span> <span class='ocrx_word' id='word_1_71' title='bbox 1019 1259 1095 1322; x_wconf 92' lang='lat' dir='ltr'>Deo</span> 
     </span>
     <span class='ocr_line' id='line_1_10' title="bbox 52 1366 1095 1455; baseline -0.001 -24"><span class='ocrx_word' id='word_1_72' title='bbox 52 1366 240 1433; x_wconf 81' lang='lat' dir='ltr'>destruendi</span> <span class='ocrx_word' id='word_1_73' title='bbox 255 1390 304 1446; x_wconf 88' lang='lat' dir='ltr'>ea,</span> <span class='ocrx_word' id='word_1_74' title='bbox 318 1391 391 1455; x_wconf 87' lang='lat' dir='ltr'>quae</span> <span class='ocrx_word' id='word_1_75' title='bbox 409 1368 603 1455; x_wconf 82' lang='lat' dir='ltr'>jamdudum</span> <span class='ocrx_word' id='word_1_76' title='bbox 625 1369 666 1431; x_wconf 92' lang='lat' dir='ltr'>ad</span> <span class='ocrx_word' id='word_1_77' title='bbox 684 1368 886 1431; x_wconf 91' lang='lat' dir='ltr'>alienandum</span> <span class='ocrx_word' id='word_1_78' title='bbox 903 1389 981 1447; x_wconf 89' lang='lat' dir='ltr'>ase,</span> <span class='ocrx_word' id='word_1_79' title='bbox 996 1380 1029 1431; x_wconf 91' lang='lat' dir='ltr'>et</span> <span class='ocrx_word' id='word_1_80' title='bbox 1043 1388 1095 1431; x_wconf 90' lang='lat' dir='ltr'>se-</span> 
     </span>
     <span class='ocr_line' id='line_1_11' title="bbox 50 1474 1095 1560; baseline -0.001 -22"><span class='ocrx_word' id='word_1_81' title='bbox 50 1475 233 1559; x_wconf 75' lang='lat' dir='ltr'>parandum</span> <span class='ocrx_word' id='word_1_82' title='bbox 253 1475 375 1539; x_wconf 89' lang='lat' dir='ltr'>malum</span> <span class='ocrx_word' id='word_1_83' title='bbox 395 1474 463 1560; x_wconf 88' lang='lat' dir='ltr'>ipse</span> <span class='ocrx_word' id='word_1_84' title='bbox 484 1489 716 1555; x_wconf 85' lang='lat' dir='ltr'>construxerat,</span> <span class='ocrx_word' id='word_1_85' title='bbox 731 1475 812 1539; x_wconf 91' lang='lat' dir='ltr'>illud</span> <span class='ocrx_word' id='word_1_86' title='bbox 825 1498 886 1539; x_wconf 89' lang='lat' dir='ltr'>uec</span> <span class='ocrx_word' id='word_1_87' title='bbox 899 1475 1016 1538; x_wconf 90' lang='lat' dir='ltr'>mirum</span> <span class='ocrx_word' id='word_1_88' title='bbox 1031 1494 1095 1558; x_wconf 89' lang='lat' dir='ltr'>pu·</span> 
     </span>
     <span class='ocr_line' id='line_1_12' title="bbox 52 1581 1096 1673; baseline 0 -26"><span class='ocrx_word' id='word_1_89' title='bbox 52 1581 190 1648; x_wconf 75' lang='lat' dir='ltr'>undum</span> <span class='ocrx_word' id='word_1_90' title='bbox 206 1597 267 1663; x_wconf 87' lang='lat' dir='ltr'>est,</span> <span class='ocrx_word' id='word_1_91' title='bbox 281 1584 396 1671; x_wconf 84' lang='lat' dir='ltr'>‹rquod</span> <span class='ocrx_word' id='word_1_92' title='bbox 416 1587 487 1673; x_wconf 88' lang='lat' dir='ltr'>ejus</span> <span class='ocrx_word' id='word_1_93' title='bbox 506 1588 670 1651; x_wconf 86' lang='lat' dir='ltr'>consortio</span> <span class='ocrx_word' id='word_1_94' title='bbox 689 1586 785 1650; x_wconf 86' lang='lat' dir='ltr'>fuerit</span> <span class='ocrx_word' id='word_1_95' title='bbox 799 1587 998 1662; x_wconf 90' lang='lat' dir='ltr'>delectatus;</span> <span class='ocrx_word' id='word_1_96' title='bbox 1021 1605 1096 1647; x_wconf 91' lang='lat' dir='ltr'>mu-</span> 
     </span>
     <span class='ocr_line' id='line_1_13' title="bbox 51 1688 1096 1780; baseline -0.003 -25"><span class='ocrx_word' id='word_1_97' title='bbox 51 1688 136 1755; x_wconf 79' lang='lat' dir='ltr'>nitio</span> <span class='ocrx_word' id='word_1_98' title='bbox 149 1692 250 1770; x_wconf 89' lang='lat' dir='ltr'>enim,</span> <span class='ocrx_word' id='word_1_99' title='bbox 265 1715 339 1778; x_wconf 88' lang='lat' dir='ltr'>quae</span> <span class='ocrx_word' id='word_1_100' title='bbox 359 1695 456 1758; x_wconf 89' lang='lat' dir='ltr'>missa</span> <span class='ocrx_word' id='word_1_101' title='bbox 472 1695 576 1759; x_wconf 85' lang='lat' dir='ltr'>fuerat</span> <span class='ocrx_word' id='word_1_102' title='bbox 596 1706 727 1780; x_wconf 89' lang='lat' dir='ltr'>propter</span> <span class='ocrx_word' id='word_1_103' title='bbox 746 1694 821 1770; x_wconf 87' lang='lat' dir='ltr'>lroc,</span> <span class='ocrx_word' id='word_1_104' title='bbox 838 1714 876 1755; x_wconf 88' lang='lat' dir='ltr'>ne</span> <span class='ocrx_word' id='word_1_105' title='bbox 891 1691 961 1776; x_wconf 87' lang='lat' dir='ltr'>ejus</span> <span class='ocrx_word' id='word_1_106' title='bbox 977 1690 1096 1753; x_wconf 89' lang='lat' dir='ltr'>moles-</span> 
     </span>
     <span class='ocr_line' id='line_1_14' title="bbox 52 1799 1096 1887; baseline -0.005 -20"><span class='ocrx_word' id='word_1_107' title='bbox 52 1799 134 1867; x_wconf 77' lang='lat' dir='ltr'>tiam</span> <span class='ocrx_word' id='word_1_108' title='bbox 157 1813 334 1887; x_wconf 79' lang='lat' dir='ltr'>pateretur,</span> <span class='ocrx_word' id='word_1_109' title='bbox 348 1802 470 1867; x_wconf 89' lang='lat' dir='ltr'>idcirco</span> <span class='ocrx_word' id='word_1_110' title='bbox 490 1803 654 1868; x_wconf 89' lang='lat' dir='ltr'>destructa</span> <span class='ocrx_word' id='word_1_111' title='bbox 673 1803 843 1880; x_wconf 89' lang='lat' dir='ltr'>videbitur,</span> <span class='ocrx_word' id='word_1_112' title='bbox 859 1800 1009 1887; x_wconf 83' lang='lat' dir='ltr'>quoniam</span> <span class='ocrx_word' id='word_1_113' title='bbox 1030 1819 1096 1863; x_wconf 92' lang='lat' dir='ltr'>uon</span> 
     </span>
     <span class='ocr_line' id='line_1_15' title="bbox 53 1911 1097 1998; baseline -0.003 -22"><span class='ocrx_word' id='word_1_114' title='bbox 53 1911 120 1998; x_wconf 74' lang='lat' dir='ltr'>jam</span> <span class='ocrx_word' id='word_1_115' title='bbox 137 1913 308 1991; x_wconf 82' lang='lat' dir='ltr'>molestus,</span> <span class='ocrx_word' id='word_1_116' title='bbox 323 1913 380 1976; x_wconf 89' lang='lat' dir='ltr'>sed</span> <span class='ocrx_word' id='word_1_117' title='bbox 396 1913 517 1976; x_wconf 89' lang='lat' dir='ltr'>auricus</span> <span class='ocrx_word' id='word_1_118' title='bbox 532 1914 602 1978; x_wconf 88' lang='lat' dir='ltr'>fore</span> <span class='ocrx_word' id='word_1_119' title='bbox 616 1913 791 1997; x_wconf 85' lang='lat' dir='ltr'>putabitur.</span> <span class='ocrx_word' id='word_1_120' title='bbox 836 1911 935 1998; x_wconf 69' lang='lat' dir='ltr'>Quod</span> <span class='ocrx_word' id='word_1_121' title='bbox 950 1911 978 1973; x_wconf 90' lang='lat' dir='ltr'>si</span> <span class='ocrx_word' id='word_1_122' title='bbox 992 1931 1013 1974; x_wconf 83' lang='lat' dir='ltr'>a</span> <span class='ocrx_word' id='word_1_123' title='bbox 1026 1933 1097 1974; x_wconf 87' lang='lat' dir='ltr'>ma-</span> 
     </span>
     <span class='ocr_line' id='line_1_16' title="bbox 53 2020 1100 2110; baseline -0.002 -24"><span class='ocrx_word' id='word_1_124' title='bbox 53 2023 147 2110; x_wconf 80' lang='lat' dir='ltr'>ligno</span> <span class='ocrx_word' id='word_1_125' title='bbox 172 2044 302 2087; x_wconf 86' lang='lat' dir='ltr'>murum</span> <span class='ocrx_word' id='word_1_126' title='bbox 327 2023 414 2086; x_wconf 85' lang='lat' dir='ltr'>dicas</span> <span class='ocrx_word' id='word_1_127' title='bbox 435 2044 505 2085; x_wconf 87' lang='lat' dir='ltr'>esse</span> <span class='ocrx_word' id='word_1_128' title='bbox 525 2023 748 2100; x_wconf 82' lang='lat' dir='ltr'>destruetum3</span> <span class='ocrx_word' id='word_1_129' title='bbox 774 2020 939 2107; x_wconf 89' lang='lat' dir='ltr'>quomodo</span> <span class='ocrx_word' id='word_1_130' title='bbox 962 2033 1100 2106; x_wconf 79' lang='lat' dir='ltr'>possunt</span> 
     </span>
     <span class='ocr_line' id='line_1_17' title="bbox 59 2130 1098 2217; baseline 0.002 -22"><span class='ocrx_word' id='word_1_131' title='bbox 59 2130 135 2195; x_wconf 85' lang='lat' dir='ltr'>boni</span> <span class='ocrx_word' id='word_1_132' title='bbox 153 2131 220 2194; x_wconf 89' lang='lat' dir='ltr'>Dei</span> <span class='ocrx_word' id='word_1_133' title='bbox 240 2152 337 2215; x_wconf 86' lang='lat' dir='ltr'>opera</span> <span class='ocrx_word' id='word_1_134' title='bbox 355 2153 375 2194; x_wconf 87' lang='lat' dir='ltr'>a</span> <span class='ocrx_word' id='word_1_135' title='bbox 395 2132 540 2216; x_wconf 87' lang='lat' dir='ltr'>maligno</span> <span class='ocrx_word' id='word_1_136' title='bbox 554 2133 713 2217; x_wconf 86' lang='lat' dir='ltr'>superari?</span> <span class='ocrx_word' id='word_1_137' title='bbox 736 2132 877 2216; x_wconf 88' lang='lat' dir='ltr'>alioquin</span> <span class='ocrx_word' id='word_1_138' title='bbox 894 2131 1008 2195; x_wconf 86' lang='lat' dir='ltr'>fortior</span> <span class='ocrx_word' id='word_1_139' title='bbox 1022 2133 1098 2197; x_wconf 92' lang='lat' dir='ltr'>Deo</span> 
     </span>
     <span class='ocr_line' id='line_1_18' title="bbox 56 2237 1100 2325; baseline -0.001 -22"><span class='ocrx_word' id='word_1_140' title='bbox 56 2237 237 2303; x_wconf 78' lang='lat' dir='ltr'>invenietur</span> <span class='ocrx_word' id='word_1_141' title='bbox 257 2240 400 2324; x_wconf 83' lang='lat' dir='ltr'>maligna</span> <span class='ocrx_word' id='word_1_142' title='bbox 422 2255 544 2304; x_wconf 84' lang='lat' dir='ltr'>natura.</span> <span class='ocrx_word' id='word_1_143' title='bbox 589 2242 766 2307; x_wconf 78' lang='lat' dir='ltr'>Quomodo</span> <span class='ocrx_word' id='word_1_144' title='bbox 792 2254 825 2304; x_wconf 91' lang='lat' dir='ltr'>et</span> <span class='ocrx_word' id='word_1_145' title='bbox 851 2241 930 2325; x_wconf 89' lang='lat' dir='ltr'>ipse,</span> <span class='ocrx_word' id='word_1_146' title='bbox 956 2261 1031 2303; x_wconf 90' lang='lat' dir='ltr'>cum</span> <span class='ocrx_word' id='word_1_147' title='bbox 1057 2240 1100 2303; x_wconf 88' lang='lat' dir='ltr'>sit</span> 
     </span>
     <span class='ocr_line' id='line_1_19' title="bbox 57 2348 1097 2438; baseline 0 -23"><span class='ocrx_word' id='word_1_148' title='bbox 57 2348 192 2415; x_wconf 81' lang='lat' dir='ltr'>omnino</span> <span class='ocrx_word' id='word_1_149' title='bbox 213 2362 299 2413; x_wconf 92' lang='lat' dir='ltr'>totus</span> <span class='ocrx_word' id='word_1_150' title='bbox 322 2351 473 2430; x_wconf 81' lang='lat' dir='ltr'>tenebrae,</span> <span class='ocrx_word' id='word_1_151' title='bbox 492 2352 557 2417; x_wconf 87' lang='lat' dir='ltr'>luci</span> <span class='ocrx_word' id='word_1_152' title='bbox 579 2352 769 2438; x_wconf 87' lang='lat' dir='ltr'>supervenit,</span> <span class='ocrx_word' id='word_1_153' title='bbox 787 2365 821 2415; x_wconf 92' lang='lat' dir='ltr'>et</span> <span class='ocrx_word' id='word_1_154' title='bbox 842 2349 1097 2436; x_wconf 87' lang='lat' dir='ltr'>comprehendit,</span> 
     </span>
     <span class='ocr_line' id='line_1_20' title="bbox 59 2456 1095 2546; baseline 0.001 -25"><span class='ocrx_word' id='word_1_155' title='bbox 59 2456 265 2543; x_wconf 68' lang='lat' dir='ltr'>Erangelista</span> <span class='ocrx_word' id='word_1_156' title='bbox 279 2458 498 2523; x_wconf 89' lang='lat' dir='ltr'>testimonium</span> <span class='ocrx_word' id='word_1_157' title='bbox 515 2459 648 2539; x_wconf 86' lang='lat' dir='ltr'>ferente,</span> <span class='ocrx_word' id='word_1_158' title='bbox 664 2461 740 2546; x_wconf 89' lang='lat' dir='ltr'>quia</span> <span class='ocrx_word' id='word_1_159' title='bbox 753 2462 851 2523; x_wconf 79' lang='lat' dir='ltr'>⁴Lux</span> <span class='ocrx_word' id='word_1_160' title='bbox 868 2459 947 2523; x_wconf 80' lang='lat' dir='ltr'>locet</span> <span class='ocrx_word' id='word_1_161' title='bbox 963 2459 996 2522; x_wconf 84' lang='lat' dir='ltr'>in</span> <span class='ocrx_word' id='word_1_162' title='bbox 1012 2469 1095 2522; x_wconf 82' lang='lat' dir='ltr'>tene-</span> 
     </span>
     <span class='ocr_line' id='line_1_21' title="bbox 58 2566 1099 2654; baseline -0.003 -21"><span class='ocrx_word' id='word_1_163' title='bbox 58 2566 131 2648; x_wconf 69' lang='lat' dir='ltr'>tro,</span> <span class='ocrx_word' id='word_1_164' title='bbox 146 2579 179 2631; x_wconf 80' lang='lat' dir='ltr'>et</span> <span class='ocrx_word' id='word_1_165' title='bbox 192 2567 326 2633; x_wconf 79' lang='lat' dir='ltr'>tenelroe</span> <span class='ocrx_word' id='word_1_166' title='bbox 338 2590 407 2632; x_wconf 85' lang='lat' dir='ltr'>eom</span> <span class='ocrx_word' id='word_1_167' title='bbox 421 2591 481 2632; x_wconf 84' lang='lat' dir='ltr'>non</span> <span class='ocrx_word' id='word_1_168' title='bbox 495 2569 815 2653; x_wconf 73' lang='lat' dir='ltr'>comprehenderunt?</span> <span class='ocrx_word' id='word_1_169' title='bbox 840 2567 1017 2654; x_wconf 71' lang='lat' dir='ltr'>Quomodo</span> <span class='ocrx_word' id='word_1_170' title='bbox 1032 2589 1099 2631; x_wconf 82' lang='lat' dir='ltr'>cae·</span> 
     </span>
     <span class='ocr_line' id='line_1_22' title="bbox 46 2664 1098 2765; baseline -0.003 -22"><span class='ocrx_word' id='word_1_171' title='bbox 46 2664 115 2745; x_wconf 82' lang='lat' dir='ltr'>¹trus</span> <span class='ocrx_word' id='word_1_172' title='bbox 128 2681 293 2745; x_wconf 81' lang='lat' dir='ltr'>armatur?</span> <span class='ocrx_word' id='word_1_173' title='bbox 329 2680 506 2765; x_wconf 72' lang='lat' dir='ltr'>Quomodo</span> <span class='ocrx_word' id='word_1_174' title='bbox 526 2681 665 2744; x_wconf 85' lang='lat' dir='ltr'>tenebrae</span> <span class='ocrx_word' id='word_1_175' title='bbox 688 2679 837 2742; x_wconf 87' lang='lat' dir='ltr'>adversus</span> <span class='ocrx_word' id='word_1_176' title='bbox 859 2676 941 2741; x_wconf 92' lang='lat' dir='ltr'>lucis</span> <span class='ocrx_word' id='word_1_177' title='bbox 961 2698 1098 2762; x_wconf 88' lang='lat' dir='ltr'>regnum</span> 
     </span>
     <span class='ocr_line' id='line_1_23' title="bbox 58 2785 1098 2869; baseline -0.005 -15"><span class='ocrx_word' id='word_1_178' title='bbox 58 2788 236 2854; x_wconf 84' lang='lat' dir='ltr'>dimicant?</span> <span class='ocrx_word' id='word_1_179' title='bbox 269 2787 361 2851; x_wconf 88' lang='lat' dir='ltr'>Sicut</span> <span class='ocrx_word' id='word_1_180' title='bbox 382 2786 466 2851; x_wconf 90' lang='lat' dir='ltr'>enim</span> <span class='ocrx_word' id='word_1_181' title='bbox 489 2787 560 2850; x_wconf 87' lang='lat' dir='ltr'>haeo</span> <span class='ocrx_word' id='word_1_182' title='bbox 579 2787 707 2851; x_wconf 80' lang='lat' dir='ltr'>rillaesis</span> <span class='ocrx_word' id='word_1_183' title='bbox 721 2785 824 2869; x_wconf 89' lang='lat' dir='ltr'>oculis</span> <span class='ocrx_word' id='word_1_184' title='bbox 839 2785 916 2849; x_wconf 92' lang='lat' dir='ltr'>solis</span> <span class='ocrx_word' id='word_1_185' title='bbox 937 2785 1044 2850; x_wconf 88' lang='lat' dir='ltr'>radios</span> <span class='ocrx_word' id='word_1_186' title='bbox 1065 2787 1098 2849; x_wconf 90' lang='lat' dir='ltr'>in</span> 
     </span>
     <span class='ocr_line' id='line_1_24' title="bbox 51 2893 1099 2980; baseline -0.005 -20"><span class='ocrx_word' id='word_1_187' title='bbox 51 2914 92 2960; x_wconf 73' lang='lat' dir='ltr'>se</span> <span class='ocrx_word' id='word_1_188' title='bbox 105 2896 250 2980; x_wconf 83' lang='lat' dir='ltr'>recipere</span> <span class='ocrx_word' id='word_1_189' title='bbox 269 2916 335 2957; x_wconf 90' lang='lat' dir='ltr'>non</span> <span class='ocrx_word' id='word_1_190' title='bbox 349 2907 503 2979; x_wconf 84' lang='lat' dir='ltr'>possunt3</span> <span class='ocrx_word' id='word_1_191' title='bbox 526 2894 571 2958; x_wconf 90' lang='lat' dir='ltr'>ita</span> <span class='ocrx_word' id='word_1_192' title='bbox 591 2907 625 2958; x_wconf 91' lang='lat' dir='ltr'>et</span> <span class='ocrx_word' id='word_1_193' title='bbox 646 2895 699 2957; x_wconf 92' lang='lat' dir='ltr'>hic</span> <span class='ocrx_word' id='word_1_194' title='bbox 715 2894 799 2957; x_wconf 88' lang='lat' dir='ltr'>ferre</span> <span class='ocrx_word' id='word_1_195' title='bbox 818 2915 883 2956; x_wconf 90' lang='lat' dir='ltr'>non</span> <span class='ocrx_word' id='word_1_196' title='bbox 904 2895 988 2958; x_wconf 88' lang='lat' dir='ltr'>valet</span> <span class='ocrx_word' id='word_1_197' title='bbox 1007 2893 1099 2979; x_wconf 89' lang='lat' dir='ltr'>regni</span> 
     </span>
     <span class='ocr_line' id='line_1_25' title="bbox 49 3000 1044 3087; baseline -0.005 -18"><span class='ocrx_word' id='word_1_198' title='bbox 49 3000 139 3069; x_wconf 82' lang='lat' dir='ltr'>lueis</span> <span class='ocrx_word' id='word_1_199' title='bbox 152 3002 320 3080; x_wconf 87' lang='lat' dir='ltr'>intuitum,</span> <span class='ocrx_word' id='word_1_200' title='bbox 336 3002 392 3066; x_wconf 84' lang='lat' dir='ltr'>sed</span> <span class='ocrx_word' id='word_1_201' title='bbox 407 3015 514 3066; x_wconf 87' lang='lat' dir='ltr'>manet</span> <span class='ocrx_word' id='word_1_202' title='bbox 529 3024 654 3087; x_wconf 87' lang='lat' dir='ltr'>semper</span> <span class='ocrx_word' id='word_1_203' title='bbox 668 3017 847 3080; x_wconf 88' lang='lat' dir='ltr'>extraneus,</span> <span class='ocrx_word' id='word_1_204' title='bbox 862 3018 896 3067; x_wconf 95' lang='lat' dir='ltr'>et</span> <span class='ocrx_word' id='word_1_205' title='bbox 910 3001 1044 3065; x_wconf 86' lang='lat' dir='ltr'>alienus.</span> 
     </span>
     <span class='ocr_line' id='line_1_26' title="bbox 97 3113 1098 3197; baseline 0 -20"><span class='ocrx_word' id='word_1_206' title='bbox 97 3113 212 3177; x_wconf 89' lang='lat' dir='ltr'>XXV.</span> <span class='ocrx_word' id='word_1_207' title='bbox 245 3113 384 3174; x_wconf 74' lang='lat' dir='ltr'>Marsas</span> <span class='ocrx_word' id='word_1_208' title='bbox 411 3131 539 3189; x_wconf 74' lang='lat' dir='ltr'>urxr‘r,</span> <span class='ocrx_word' id='word_1_209' title='bbox 564 3113 663 3176; x_wconf 74' lang='grc' dir='ltr'>ςΝοη</span> <span class='ocrx_word' id='word_1_210' title='bbox 685 3122 797 3176; x_wconf 85' lang='lat' dir='ltr'>omnes</span> <span class='ocrx_word' id='word_1_211' title='bbox 816 3113 948 3197; x_wconf 84' lang='lat' dir='ltr'>capiunt</span> <span class='ocrx_word' id='word_1_212' title='bbox 965 3113 1098 3177; x_wconf 87' lang='lat' dir='ltr'>verbum</span> 
     </span>
     <span class='ocr_line' id='line_1_27' title="bbox 45 3210 1097 3306; baseline -0.003 -19"><span class='ocrx_word' id='word_1_213' title='bbox 45 3210 135 3300; x_wconf 76' lang='lat' dir='ltr'>Dei,</span> <span class='ocrx_word' id='word_1_214' title='bbox 150 3219 209 3283; x_wconf 88' lang='lat' dir='ltr'>sed</span> <span class='ocrx_word' id='word_1_215' title='bbox 224 3219 341 3304; x_wconf 90' lang='lat' dir='ltr'>quibus</span> <span class='ocrx_word' id='word_1_216' title='bbox 355 3217 466 3283; x_wconf 83' lang='lat' dir='ltr'>datum</span> <span class='ocrx_word' id='word_1_217' title='bbox 482 3233 531 3283; x_wconf 91' lang='lat' dir='ltr'>est</span> <span class='ocrx_word' id='word_1_218' title='bbox 549 3220 629 3284; x_wconf 89' lang='lat' dir='ltr'>scire</span> <span class='ocrx_word' id='word_1_219' title='bbox 650 3221 803 3306; x_wconf 87' lang='lat' dir='ltr'>mysteria</span> <span class='ocrx_word' id='word_1_220' title='bbox 822 3220 915 3304; x_wconf 89' lang='lat' dir='ltr'>regni</span> <span class='ocrx_word' id='word_1_221' title='bbox 929 3221 1097 3285; x_wconf 86' lang='lat' dir='ltr'>caelorum.</span> 
     </span>
     <span class='ocr_line' id='line_1_28' title="bbox 44 3326 1098 3415; baseline -0.001 -22"><span class='ocrx_word' id='word_1_222' title='bbox 44 3330 124 3393; x_wconf 66' lang='lat' dir='ltr'>*Et</span> <span class='ocrx_word' id='word_1_223' title='bbox 136 3327 208 3415; x_wconf 85' lang='lat' dir='ltr'>jem</span> <span class='ocrx_word' id='word_1_224' title='bbox 228 3326 356 3412; x_wconf 90' lang='lat' dir='ltr'>quidem</span> <span class='ocrx_word' id='word_1_225' title='bbox 374 3327 440 3390; x_wconf 89' lang='lat' dir='ltr'>scio</span> <span class='ocrx_word' id='word_1_226' title='bbox 455 3329 511 3412; x_wconf 94' lang='lat' dir='ltr'>qui</span> <span class='ocrx_word' id='word_1_227' title='bbox 525 3328 589 3394; x_wconf 90' lang='lat' dir='ltr'>sint</span> <span class='ocrx_word' id='word_1_228' title='bbox 602 3329 725 3406; x_wconf 85' lang='lat' dir='ltr'>nostri3</span> <span class='ocrx_word' id='word_1_229' title='bbox 749 3329 858 3390; x_wconf 84' lang='lat' dir='ltr'>⁶Meoe</span> <span class='ocrx_word' id='word_1_230' title='bbox 869 3327 966 3405; x_wconf 89' lang='lat' dir='ltr'>eninr,</span> <span class='ocrx_word' id='word_1_231' title='bbox 982 3328 1098 3414; x_wconf 91' lang='lat' dir='ltr'>inquit,</span> 
     </span>
     <span class='ocr_line' id='line_1_29' title="bbox 42 3435 1099 3522; baseline 0 -21"><span class='ocrx_word' id='word_1_232' title='bbox 42 3458 128 3501; x_wconf 73' lang='lat' dir='ltr'>oves</span> <span class='ocrx_word' id='word_1_233' title='bbox 148 3457 251 3499; x_wconf 86' lang='lat' dir='ltr'>vocem</span> <span class='ocrx_word' id='word_1_234' title='bbox 274 3457 375 3499; x_wconf 83' lang='lat' dir='ltr'>meam</span> <span class='ocrx_word' id='word_1_235' title='bbox 394 3435 536 3500; x_wconf 81' lang='lat' dir='ltr'>audiunt.</span> <span class='ocrx_word' id='word_1_236' title='bbox 581 3438 716 3522; x_wconf 90' lang='lat' dir='ltr'>Propter</span> <span class='ocrx_word' id='word_1_237' title='bbox 733 3449 861 3500; x_wconf 90' lang='lat' dir='ltr'>nostros</span> <span class='ocrx_word' id='word_1_238' title='bbox 876 3457 965 3520; x_wconf 87' lang='lat' dir='ltr'>ergo,</span> <span class='ocrx_word' id='word_1_239' title='bbox 981 3435 1099 3522; x_wconf 89' lang='lat' dir='ltr'>quibus</span> 
     </span>
     <span class='ocr_line' id='line_1_30' title="bbox 45 3530 1101 3631; baseline -0.001 -20"><span class='ocrx_word' id='word_1_240' title='bbox 45 3544 155 3611; x_wconf 69' lang='lat' dir='ltr'>datus</span> <span class='ocrx_word' id='word_1_241' title='bbox 169 3557 220 3608; x_wconf 83' lang='lat' dir='ltr'>est</span> <span class='ocrx_word' id='word_1_242' title='bbox 234 3545 375 3608; x_wconf 83' lang='lat' dir='ltr'>veritatis</span> <span class='ocrx_word' id='word_1_243' title='bbox 389 3544 582 3624; x_wconf 85' lang='lat' dir='ltr'>intellectus,</span> <span class='ocrx_word' id='word_1_244' title='bbox 596 3567 652 3631; x_wconf 89' lang='lat' dir='ltr'>per</span> <span class='ocrx_word' id='word_1_245' title='bbox 666 3530 891 3621; x_wconf 83' lang='lat' dir='ltr'>similitudines</span> <span class='ocrx_word' id='word_1_246' title='bbox 905 3544 1022 3609; x_wconf 90' lang='lat' dir='ltr'>dicam.</span> <span class='ocrx_word' id='word_1_247' title='bbox 1048 3546 1101 3610; x_wconf 92' lang='lat' dir='ltr'>Si·</span> 
     </span>
     <span class='ocr_line' id='line_1_31' title="bbox 41 3651 1100 3739; baseline 0.001 -22"><span class='ocrx_word' id='word_1_248' title='bbox 41 3651 146 3717; x_wconf 81' lang='lat' dir='ltr'>·milis</span> <span class='ocrx_word' id='word_1_249' title='bbox 158 3663 211 3716; x_wconf 85' lang='lat' dir='ltr'>est</span> <span class='ocrx_word' id='word_1_250' title='bbox 224 3651 387 3736; x_wconf 87' lang='lat' dir='ltr'>malignus</span> <span class='ocrx_word' id='word_1_251' title='bbox 402 3652 498 3730; x_wconf 90' lang='lat' dir='ltr'>leoni,</span> <span class='ocrx_word' id='word_1_252' title='bbox 514 3653 570 3737; x_wconf 93' lang='lat' dir='ltr'>qui</span> <span class='ocrx_word' id='word_1_253' title='bbox 589 3652 718 3737; x_wconf 88' lang='lat' dir='ltr'>irripere</span> <span class='ocrx_word' id='word_1_254' title='bbox 733 3652 801 3716; x_wconf 88' lang='lat' dir='ltr'>vult</span> <span class='ocrx_word' id='word_1_255' title='bbox 819 3651 914 3737; x_wconf 81' lang='lat' dir='ltr'>gregi</span> <span class='ocrx_word' id='word_1_256' title='bbox 928 3653 1007 3718; x_wconf 90' lang='lat' dir='ltr'>boni</span> <span class='ocrx_word' id='word_1_257' title='bbox 1025 3674 1100 3739; x_wconf 87' lang='lat' dir='ltr'>pas·</span> 
     </span>
     <span class='ocr_line' id='line_1_32' title="bbox 91 3817 1100 3878; baseline 0.003 -13"><span class='ocrx_word' id='word_1_258' title='bbox 91 3818 153 3865; x_wconf 68' lang='lat' dir='ltr'>alu</span> <span class='ocrx_word' id='word_1_259' title='bbox 172 3819 255 3865; x_wconf 81' lang='lat' dir='ltr'>codice</span> <span class='ocrx_word' id='word_1_260' title='bbox 274 3817 409 3876; x_wconf 80' lang='lat' dir='ltr'>casinensi,</span> <span class='ocrx_word' id='word_1_261' title='bbox 421 3817 546 3878; x_wconf 76' lang='lat' dir='ltr'>putandum</span> <span class='ocrx_word' id='word_1_262' title='bbox 564 3828 596 3865; x_wconf 82' lang='lat' dir='ltr'>ert</span> <span class='ocrx_word' id='word_1_263' title='bbox 614 3818 724 3866; x_wconf 79' lang='lat' dir='ltr'>consortio.</span> <span class='ocrx_word' id='word_1_264' title='bbox 758 3819 814 3875; x_wconf 86' lang='lat' dir='ltr'>Sed,</span> <span class='ocrx_word' id='word_1_265' title='bbox 827 3817 847 3863; x_wconf 81' lang='lat' dir='ltr'>si</span> <span class='ocrx_word' id='word_1_266' title='bbox 863 3818 908 3877; x_wconf 79' lang='lat' dir='ltr'>ejus</span> <span class='ocrx_word' id='word_1_267' title='bbox 924 3817 1036 3877; x_wconf 79' lang='lat' dir='ltr'>consortio,</span> <span class='ocrx_word' id='word_1_268' title='bbox 1051 3821 1100 3878; x_wconf 79' lang='lat' dir='ltr'>vel,</span> 
     </span>
     <span class='ocr_line' id='line_1_33' title="bbox 58 3896 554 3961; baseline 0.006 -19"><span class='ocrx_word' id='word_1_269' title='bbox 58 3897 120 3961; x_wconf 66' lang='lat' dir='ltr'>‚aad</span> <span class='ocrx_word' id='word_1_270' title='bbox 127 3896 175 3959; x_wconf 61' lang='grc' dir='ltr'>ᾡς</span> <span class='ocrx_word' id='word_1_271' title='bbox 183 3897 297 3954; x_wconf 68' lang='lat' dir='ltr'>consortio,</span> <span class='ocrx_word' id='word_1_272' title='bbox 308 3899 403 3944; x_wconf 86' lang='lat' dir='ltr'>videtur</span> <span class='ocrx_word' id='word_1_273' title='bbox 414 3897 554 3958; x_wconf 85' lang='lat' dir='ltr'>legendum.</span> 
     </span>
     <span class='ocr_line' id='line_1_34' title="bbox 95 3977 1012 4044; baseline 0.005 -22"><span class='ocrx_word' id='word_1_274' title='bbox 95 3992 108 4022; x_wconf 79' lang='lat' dir='ltr'>r</span> <span class='ocrx_word' id='word_1_275' title='bbox 120 3978 151 4027; x_wconf 83' lang='lat' dir='ltr'>ln</span> <span class='ocrx_word' id='word_1_276' title='bbox 161 3980 248 4026; x_wconf 79' lang='lat' dir='ltr'>eodem</span> <span class='ocrx_word' id='word_1_277' title='bbox 256 3980 310 4026; x_wconf 86' lang='lat' dir='ltr'>eod.</span> <span class='ocrx_word' id='word_1_278' title='bbox 322 3977 384 4025; x_wconf 77' lang='lat' dir='ltr'>illius</span> <span class='ocrx_word' id='word_1_279' title='bbox 394 3977 471 4035; x_wconf 78' lang='lat' dir='ltr'>oculis,</span> <span class='ocrx_word' id='word_1_280' title='bbox 481 3980 551 4027; x_wconf 88' lang='lat' dir='ltr'>nullo</span> <span class='ocrx_word' id='word_1_281' title='bbox 559 3995 640 4028; x_wconf 82' lang='lat' dir='ltr'>sensu.</span> <span class='ocrx_word' id='word_1_282' title='bbox 676 3982 739 4044; x_wconf 82' lang='lat' dir='ltr'>(For.</span> <span class='ocrx_word' id='word_1_283' title='bbox 751 3980 785 4026; x_wconf 78' lang='lat' dir='ltr'>lae</span> <span class='ocrx_word' id='word_1_284' title='bbox 796 3994 839 4042; x_wconf 89' lang='lat' dir='ltr'>pro</span> <span class='ocrx_word' id='word_1_285' title='bbox 850 3980 897 4026; x_wconf 79' lang='lat' dir='ltr'>baec</span> <span class='ocrx_word' id='word_1_286' title='bbox 908 3979 1012 4040; x_wconf 84' lang='lat' dir='ltr'>legend.)</span> 
     </span>
     <span class='ocr_line' id='line_1_35' title="bbox 97 4057 1101 4124; baseline 0 -18"><span class='ocrx_word' id='word_1_287' title='bbox 97 4067 106 4091; x_wconf 87' lang='lat'><strong>¹</strong></span> <span class='ocrx_word' id='word_1_288' title='bbox 119 4058 150 4105; x_wconf 86' lang='lat' dir='ltr'>lu</span> <span class='ocrx_word' id='word_1_289' title='bbox 159 4057 285 4106; x_wconf 78' lang='lat' dir='ltr'>Casinensi</span> <span class='ocrx_word' id='word_1_290' title='bbox 296 4059 379 4106; x_wconf 87' lang='lat' dir='ltr'>oodice</span> <span class='ocrx_word' id='word_1_291' title='bbox 390 4058 510 4116; x_wconf 85' lang='lat' dir='ltr'>seribitur,</span> <span class='ocrx_word' id='word_1_292' title='bbox 520 4059 588 4105; x_wconf 81' lang='lat' dir='ltr'>etiam</span> <span class='ocrx_word' id='word_1_293' title='bbox 600 4060 695 4124; x_wconf 85' lang='lat' dir='ltr'>quidem.</span> <span class='ocrx_word' id='word_1_294' title='bbox 713 4060 758 4108; x_wconf 86' lang='lat' dir='ltr'>Sed</span> <span class='ocrx_word' id='word_1_295' title='bbox 768 4060 900 4121; x_wconf 83' lang='lat' dir='ltr'>legendum</span> <span class='ocrx_word' id='word_1_296' title='bbox 911 4061 1014 4115; x_wconf 81' lang='lat' dir='ltr'>ridetur,</span> <span class='ocrx_word' id='word_1_297' title='bbox 1022 4061 1101 4124; x_wconf 79' lang='lat' dir='ltr'>¹etjam</span> 
     </span>
     <span class='ocr_line' id='line_1_36' title="bbox 57 4135 1037 4203; baseline 0.002 -19"><span class='ocrx_word' id='word_1_298' title='bbox 57 4135 158 4198; x_wconf 58' lang='lat' dir='ltr'>quidm.</span> <span class='ocrx_word' id='word_1_299' title='bbox 174 4152 238 4198; x_wconf 62' lang='lat' dir='ltr'>sape</span> <span class='ocrx_word' id='word_1_300' title='bbox 247 4139 316 4186; x_wconf 80' lang='lat' dir='ltr'>enim</span> <span class='ocrx_word' id='word_1_301' title='bbox 327 4139 353 4185; x_wconf 92' lang='lat' dir='ltr'>in</span> <span class='ocrx_word' id='word_1_302' title='bbox 364 4139 412 4187; x_wconf 86' lang='lat' dir='ltr'>hoc</span> <span class='ocrx_word' id='word_1_303' title='bbox 422 4139 506 4186; x_wconf 81' lang='lat' dir='ltr'>oodice</span> <span class='ocrx_word' id='word_1_304' title='bbox 514 4138 653 4203; x_wconf 78' lang='lat' dir='ltr'>junguntur</span> <span class='ocrx_word' id='word_1_305' title='bbox 663 4142 745 4200; x_wconf 86' lang='lat' dir='ltr'>verbs,</span> <span class='ocrx_word' id='word_1_306' title='bbox 756 4153 811 4202; x_wconf 81' lang='lat' dir='ltr'>quae</span> <span class='ocrx_word' id='word_1_307' title='bbox 823 4140 929 4200; x_wconf 83' lang='lat' dir='ltr'>disjungi</span> <span class='ocrx_word' id='word_1_308' title='bbox 941 4139 1037 4186; x_wconf 84' lang='lat' dir='ltr'>debent.</span> 
     </span>
     <span class='ocr_line' id='line_1_37' title="bbox 174 4224 1045 4286; baseline -0.003 -12"><span class='ocrx_word' id='word_1_309' title='bbox 174 4227 334 4278; x_wconf 76' lang='lat' dir='ltr'>⁴loen.i.5.</span> <span class='ocrx_word' id='word_1_310' title='bbox 472 4227 673 4276; x_wconf 76' lang='lat' dir='ltr'>⁵Mat,xix.rr.</span> <span class='ocrx_word' id='word_1_311' title='bbox 802 4224 987 4279; x_wconf 65' lang='lat' dir='ltr'>“loan.x.s7.</span> <span class='ocrx_word' id='word_1_312' title='bbox 1037 4271 1045 4286; x_wconf 62' lang='lat'>,</span> 
     </span>
     <span class='ocr_line' id='line_1_38' title="bbox 554 4320 612 4370; baseline -0.034 0"><span class='ocrx_word' id='word_1_313' title='bbox 554 4327 576 4370; x_wconf 93' lang='grc' dir='ltr'>Ο</span> <span class='ocrx_word' id='word_1_314' title='bbox 592 4320 612 4368; x_wconf 82' lang='lat'><strong>2</strong></span> 
     </span>
    </p>
   </div>
   <div class='ocr_carea' id='block_1_3' title="bbox 0 0 1364 4740">
    <p class='ocr_par' dir='ltr' id='par_1_3' title="bbox 0 0 1364 4740">
     <span class='ocr_line' id='line_1_39' title="bbox 0 0 1364 4740; baseline 0 0"><span class='ocrx_word' id='word_1_315' title='bbox 0 0 1364 4740; x_wconf 95' lang='lat' dir='ltr'> </span> 
     </span>
    </p>
   </div>
  </div>
 </body>
</html>
