2684 4740
226 295 290 361 286
325 288 564 358 ARCHELAI
586 290 644 359 ET
662 287 871 358 MANETIS
893 289 1188 361 Dlsrurarto.

227 470 287 545 Dei
298 469 438 543 genitrice,
452 466 554 523 Gracc
572 467 697 543 Θωτόκῳ,
716 463 878 530 Dominum
897 467 1007 534 Jesum,
1029 466 1275 545 quemadmodum

229 558 260 606 et
270 548 318 606 alii
350 549 407 605 rius
419 547 509 605 locuti
520 546 647 615 fueraut,
661 547 702 603 ait
715 546 816 605 eodem
826 545 902 605 loco.
929 547 977 605 De
987 546 1132 605 Archelao
1145 549 1191 609 ita
1202 548 1274 612 scri·

228 624 316 689 hente
329 567 548 685 hacmonensis
561 624 652 684 erant.
744 630 747 635 “
790 630 793 635 ’
873 631 877 637 '
994 626 1001 637 ⁴
1052 624 1058 635 ’
1159 622 1178 632 ”
1215 626 1219 633 “

215 720 219 725 “
268 710 316 768 De
328 709 385 766 alio
396 728 510 785 quoque
520 717 612 786 patre,
623 726 730 783 magno
744 706 794 765 illo
803 707 948 785 Dionysio
958 708 1168 776 Alexandrino,
1180 684 1273 784 siqui·

126 793 131 799 “
229 791 296 850 dem
308 793 370 851 viro
379 789 446 867 jure
460 789 529 852 clari
543 789 668 852 nominis
683 788 849 855 Moshemio
861 791 954 855 uisum
967 795 1022 857 est,
1035 791 1143 861 crimen
1155 790 1189 874 in
1204 808 1273 851 eum

228 873 304 931 ferre
312 871 456 929 dividendi
467 889 618 961 personam
631 869 750 939 Christi,
759 889 845 927 nemo
856 871 927 928 mihi
938 870 1115 939 succenseat,
1125 871 1149 927 si
1161 869 1275 945 aliquid

227 953 276 1010 hic
295 951 478 1030 subjungam.
521 949 555 1007 In
575 950 797 1008 Commentariis
815 937 873 1008 s'uis
888 952 1039 1010 Delicias
1053 948 1274 1009 Cluutwmm

229 1042 294 1092 unte
316 1035 485 1091 Constantia.
501 1034 543 1090 M.
558 1033 629 1090 Saec.
645 1031 703 1096 lll.
721 1033 746 1101 i.
759 1033 862 1090 xxxiii.
875 1048 904 1110 p.
920 1032 1273 1095 697‡.doctissimus·auc·

227 1127 277 1175 tor
302 1114 467 1183 sabelliano
492 1113 628 1188 dogmate
654 1111 809 1190 explicato,
833 1133 927 1190 eoque
947 1124 1085 1192 praterea
1105 1112 1273 1193 admonito,

228 1196 422 1254 Athanasium
454 1194 522 1250 satis
551 1194 707 1261 evidenter,
735 1193 847 1271 aliquot
872 1195 1008 1271 Dionysii
1035 1193 1107 1271 locis
1133 1192 1272 1271 prolatis,

228 1277 370 1344 iio‘tuisse,
383 1276 461 1332 huuc
475 1285 587 1352 patrem
600 1258 774 1332 Ariauoruih
794 1278 883 1332 errori
901 1276 935 1333 de
952 1274 1069 1349 Christo
1089 1272 1152 1332 riou'
1169 1273 1272 1331 addic-

224 1367 288 1415 tum
300 1357 398 1424 fuisse,
408 1357 503 1435 pergit
516 1355 659 1424 scribere:
683 1365 703 1391 “
720 1355 762 1413 Ut
776 1375 844 1427 verq
858 1357 1034 1414 Athanasius
1045 1355 1270 1432 diligentissime

229 1449 250 1476 ‘⁴
264 1439 344 1496 Dion
365 1438 449 1512 sium,
460 1435 541 1515 cujm
553 1447 736 1513 sacrosancta
747 1447 809 1513 erat
819 1437 1005 1496 Alexandria.
1016 1437 1167 1513 memoria,
1181 1437 1271 1512 tueri,

229 1459 456 1596 “omnibusque
479 1517 598 1576 maculis
619 1508 742 1574 liberare
760 1504 887 1585 studeat,
893 1502 1084 1577 'manifestum
1097 1514 1200 1574 minen
1214 1518 1271 1572 erit

229 1609 252 1637 “
265 1602 372 1668 omnia,
386 1614 449 1677 qua.
464 1600 499 1657 ad
513 1596 728 1663 excusationem
742 1596 803 1676 ejus
822 1594 959 1678 disputat,
978 1600 1123 1656 accurate'
1133 1597 1269 1654 conside·

229 1689 253 1716 “
267 1683 354 1749 ronti,
369 1681 476 1757 aliquid
495 1683 525 1737 in
544 1700 583 1753 eo
605 1681 709 1737 erroris
730 1678 828 1749 fuisse,
851 1680 938 1757 atqu'e
959 1681 1126 1758 opinionem
1146 1676 1214 1756 ejus
1235 1679 1272 1735 de

117 1802 126 1819 ,,
213 1771 251 1798 ·“
265 1764 383 1820 Christo
397 1783 415 1820 a
424 1762 547 1820 Nicaeno
562 1761 697 1845 dogmate
711 1769 741 1846 et
754 1771 855 1824 nostro
868 1761 1194 1849 hodiernodiscrepare.
1226 1759 1269 1835 Ut

229 1826 503 1919 “'Sabellium'uui
516 1832 617 1900 Deum
636 1843 730 1919 ipsum
750 1837 810 1900 sir'e
830 1852 941 1920 patrem
960 1828 999 1906 ins
1012 1840 1130 1899 Christo
1145 1848 1268 1906 ¹uatum,

228 1931 248 1962 ‘⁴
262 1944 363 2003 poeuas
378 1942 494 2002 passum
508 1931 538 1979 et
551 1932 696 1980 mortuum
717 1930 778 1981 esse
798 1921 996 1990 adseverabat,
1014 1922 1119 1980 fortius
1141 1920 1269 1999 compri-

228 2015 249 2061 t‘
263 2014 364 2082 meret,
378 2003 504 2080 negabat
518 2005 636 2063 bumana
650 2005 762 2075 curati,
778 2005 856 2080 quod
869 2003 945 2073 clare
958 2006 1037 2077 vsatis
1056 2002 1159 2067 scribit
1171 2003 1268 2067 Atha·
1323 2041 1327 2050 ·

228 2095 250 2121 “
264 2087 360 2144 nasius
377 2087 402 2156 i.
416 2105 443 2142 v.
480 2085 571 2142 ‚alu
585 2085 620 2142 ad
634 2084 731 2145 Deum
744 2088 775 2144 in
790 2086 907 2143 Christo
921 2082 1092 2157 residentem
1110 2080 1267 2164 pertinere,

228 2175 251 2225 ‘.‘
263 2164 296 2225 'e't
307 2167 393 2224 'unice
407 2166 443 2223 ad
488 2162 546 2221 ium
560 2162 712 2223 referebat.
755 2166 802 2224 Ad
817 2166 935 2224 al't‘e'ram
950 2166 1039 2242 igitur
1053 2165 1268 2223 'extremitatem

228 2255 252 2283 “
266 2247 456 2307 contendendi
477 2245 573 2303 studio
595 2245 770 2306 declinabat
809 2247 1019 2322 Distinguebnt
1030 2252 1137 2324 nempe
1150 2245 1269 2322 Diony·

227 2334 249 2392 ,‘.‘
263 2331 322 2392 sius
336 2330 366 2386 in
382 2329 499 2393 Christo
511 2329 619 2393 nabunt
639 2346 688 2393 seu
709 2347 862 2409 personam
882 2329 1008 2396 divinam
1022 2338 1135 2406 annue
1146 2327 1270 2393 distinc-

228 2417 251 2473 ,“
265 2421 325 2467 tam
339 2419 369 2466 et
372 2409 479 2488 filium,
495 2418 553 2475 aut,
568 2409 593 2464 si
612 2410 713 2478 mavis,
733 2409 875 2488 duplicem
892 2408 992 2475 filium,
1015 2408 1142 2481 divinum
1163 2415 1194 2464 et
1211 2408 1268 2465 hu-

229 2499 251 2525 “
265 2496 392 2548 manumss
414 2494 418 2501 ’
437 2490 551 2546 Verbum
564 2490 714 2565 seu'fllium
728 2492 849 2547 diuinum
860 2489 897 2546 ab
909 2485 1042 2546 omnibus
1055 2489 1165 2546 Christi
1175 2486 1267 2567 iripo-

227 2580 249 2608 “
264 2574 341 2637 ’πίιοις
355 2589 405 2627 seu
419 2571 552 2637 burnonis,
567 2569 603 2626 ab
617 2571 763 2639 omuibus,
778 2591 840 2647 qua
856 2571 988 2627 Christus
998 2580 1036 2626 ut
1049 2571 1139 2637 homo
1152 2570 1223 2626 fecit
1238 2577 1266 2624 ct

212 2662 248 2703 .“
262 2671 411 2731 perpessus
433 2662 487 2721 est,
509 2650 697 2715 excludebat:
721 2652 782 2721 hac
803 2671 872 2723 uero
893 2653 991 2725 omnia
1007 2649 1165 2739 'didragma
1179 2652 1264 2721 nosci,

227 2743 249 2770 “
261 2737 334 2809 pati,
349 2733 468 2790 moriad
484 2751 572 2788 uuum
583 2731 673 2788 lilium
686 2732 811 2791 hominis
826 2752 862 2789 ex
874 2726 972 2789 Maria
989 2736 1089 2789 natum
1109 2731 1263 2810 pertinere,

228 2823 249 2850 “
263 2813 437 2891 disputabat.
479 2812 600 2868 ln'vitio
614 2813 675 2869 hac
689 2821 757 2869 sunt
774 2824 804 2868 et
822 2823 901 2871 recta
916 2815 968 2870 'via
988 2812 1097 2870 ducunt
1118 2812 1156 2869 ad
1176 2811 1263 2877 illam,

227 2903 251 2930 “
263 2914 326 2970 qua.
347 2894 486 2950 Nestorio
507 2892 654 2964 tribuitur,
676 2894 859 2952 seutentiam.
900 2893 978 2950 Nam
999 2895 1023 2950 si
1044 2894 1080 2950 ad
1092 2895 1191 2970 filium
1208 2895 1265 2950 Dei

227 2983 249 3012 “
263 2993 314 3049 seu
328 2975 437 3049 nahum
450 2973 568 3048 Christo
584 2974 696 3031 homini
712 2973 847 3053 junctum
865 2975 939 3031 nihil
963 2994 1060 3033 earum
1084 2994 1181 3031 rerum
1202 2992 1264 3054 per·

228 3064 250 3091 “
264 3056 348 3122 tinet,
364 3055 512 3129 quaefllius
526 3054 640 3110 bominis
653 3053 722 3110 fecit
736 3050 765 3111 e¹t
779 3047 926 3125 suitiuuit,
940 3045 1122 3133 perspicuum
1137 3046 1193 3124 est,
1213 3044 1263 3112 du·

228 3144 251 3171 “
263 3135 365 3214 plicem
380 3135 410 3189 iu
426 3133 543 3189 Christo
558 3142 587 3190 et
601 3134 734 3191 naturam
748 3145 777 3191 et
791 3137 943 3213 per'sonam
963 3155 1035 3204 esse,
1046 3132 1197 3214 filiumque
1210 3136 1265 3193 Dei

228 3226 251 3253 “
265 3236 315 3273 seu
328 3214 448 3272 ve‘rbum
461 3214 552 3270 filium
564 3223 677 3271 tautum
691 3217 816 3275 hominis
828 3217 991 3284 roborasse,
1010 3217 1201 3284 illuminasse,
1216 3215 1264 3294 ju·

226 3307 246 3334 “
259 3300 343 3356 visse.
375 3295 439 3353 Nec
452 3296 542 3372 igitur
552 3305 658 3352 temere
669 3296 826 3373 Dionysius
838 3297 941 3354 Romae
953 3298 1154 3366 accusabatur,
1162 3301 1265 3375 'quani-

228 3389 251 3415 “
263 3399 349 3456 quam
366 3397 466 3455 parum
481 3377 615 3433 distincte
629 3396 662 3432 ac
677 3379 795 3454 perite.”
819 3379 866 3435 Sic
879 3379 1069 3437 Moshemius.
1112 3380 1188 3441 Quae
1201 3398 1264 3455 gra·

227 3462 269 3517 vis
283 3459 426 3537 profecto,
441 3458 589 3524 sedunus,
605 3458 634 3512 ui
646 3457 743 3526 fallor,
758 3461 914 3517 accusatio.
956 3461 1075 3516 Atenim
1090 3459 1264 3536 Dionysium

227 3539 415 3598 distrahenda
428 3557 557 3616 personae
571 3540 602 3593 in
617 3538 733 3595 Christo
754 3559 880 3615 uuquam
900 3540 1077 3618 postulatum
1098 3541 1199 3608 fuisse,
1219 3559 1265 3596 ve·

227 3631 271 3678 tat
294 3640 348 3676 uos
376 3619 489 3675 credere
517 3638 568 3703 sua
591 3619 680 3695 ipsius
706 3618 847 3688 defensio,
870 3630 915 3677 tot
939 3619 1010 3677 locis
1041 3620 1079 3678 ab
1101 3621 1265 3679 Athanasio

227 3710 465 3770 commemorata,
500 3719 563 3775 qua
594 3708 658 3758 tota
684 3700 716 3756 in
742 3719 777 3756 eo
808 3711 948 3771 versatur,
974 3710 1007 3758 ut
1034 3713 1168 3759 arceatur
1196 3723 1214 3760 a
1238 3720 1266 3758 se

227 3781 335 3841 crimen
368 3790 490 3856 negata,
527 3779 572 3836 vel
600 3789 677 3836 certe
703 3778 872 3850 imminutae,
904 3783 1008 3840 divina
1043 3783 1154 3840 Christi
1185 3781 1267 3840 natu·

226 3883 277 3931 rae,
299 3880 357 3919 nou
382 3861 453 3917 duos
478 3880 530 3938 pro
554 3880 613 3917 uuo
636 3861 753 3918 Christo
777 3860 930 3920 asserendi.
972 3861 1076 3939 Neque
1096 3865 1127 3919 in
1147 3860 1267 3951 sequen·

212 3945 318 4011 =tibus,
334 3942 411 4017 quod
426 3943 524 4009 sciam,
544 3941 654 3998 saeculis
672 3940 807 4024 Dionysii
826 3945 998 4001 auctoritate
1012 3963 1043 4000 se
1062 3963 1191 4020 unquam
1207 3955 1267 4002 tue·

226 4026 334 4093 bantur
346 4021 514 4079 Nestoriaui
527 4022 670 4097 dogmatis
690 4020 814 4101 patroni.
856 4024 923 4102 lpse
940 4044 1039 4103 porro,
1054 4044 1142 4101 quem
1161 4027 1268 4095 iudicat

226 4103 271 4164 uir
295 4105 331 4163 cl.
350 4104 505 4161 Athanasii
527 4103 605 4160 loc'us
626 4104 698 4172 nibil
714 4100 794 4162 'valet
815 4105 852 4162 ad
872 4105 1057 4169 obtinendam
1080 4104 1199 4165 causam
1220 4106 1268 4164 ad·

226 4184 324 4245 remus
352 4184 578 4243 Alexandrinum
604 4181 774 4245 antistitem.
819 4193 842 4222 “
861 4183 1054 4264 Dionysius,·¹'
1080 4189 1122 4246 ait
1148 4185 1267 4247 Moshe·
