2684 4740
256 328 380 376 RERUM
399 329 672 375 MEMORABILIUM
692 328 949 376 PHRASIUMQUE.
1055 327 1117 391 401

109 491 186 540 regno
202 478 369 538 dimicaverat,
381 495 397 528 a
408 480 524 542 Pompeio
535 481 572 530 M.
655 479 790 542 inquilinus
798 478 919 526 Abraham
927 477 1032 534 Gerare,
1046 490 1120 538 qnam

78 583 83 589 ·
109 558 221 620 captivus
231 561 319 609 ductus
329 567 376 619 est,
388 561 414 609 ii.
428 561 484 621 121,
494 561 550 609 226.
656 561 758 608 candem
775 574 828 607 esse
846 565 918 620 atque
935 558 1040 606 Ascalon
1058 572 1119 604 non·

10 628 14 639 “
75 639 229 702 mures,
246 643 436 704 rumpamus,
455 644 572 703 coenus,
656 640 1024 702 nulliputaverunt,155,285.

108 722 271 784 Euclideaque
284 739 300 771 a
311 723 573 773 'lbeodotianiabono-
625 725 780 786 Asclepiades
799 723 965 771 Antiocbenus
986 721 1120 783 episcopus.

107 801 166 861 rati,
177 802 205 851 ii.
218 804 258 863 11,
269 804 311 852 29.
658 805 683 853 ls
700 820 715 853 a
730 806 754 853 S.
768 804 907 852 Alexandro
923 802 1020 850 Hieros.
1036 801 1121 850 lauda-

76 883 171 948 &sats
182 885 313 943 cadelim,
325 885 358 933 iv.
369 883 427 945 370,
439 885 496 933 382.
657 895 706 946 tur,
723 887 749 934 ii.
765 888 806 944 39,
818 886 857 932 42.
886 885 1023 946 principatu
1040 881 1121 931 Severi

76 963 187 1013 Armenii
197 981 283 1014 verum
293 966 442 1028 baptismum
458 967 504 1015 sibi
516 968 575 1016 solis
602 978 606 985 “
657 970 805 1017 constitutos
815 968 950 1028 episcopus,
962 968 1002 1014 43.

108 1047 276 1106 vindicabant,
299 1048 335 1095 iii.
360 1049 413 1097 139.
446 1055 575 1110 postquam
624 1049 778 1109 Asclepiades
794 1046 1122 1096 bareucus'lbeodotianus.

109 1141 213 1191 puerum
226 1131 419 1192 baptizaverant,
435 1145 535 1193 corpore
550 1139 576 1180 et
658 1129 683 1177 ls
698 1130 722 1176 S.
735 1129 865 1189 Scriptura
879 1127 955 1175 libros
970 1127 1083 1184 conexit,
1096 1125 1123 1173 ii.

109 1209 230 1272 sanguine
252 1209 344 1258 Christi
365 1210 483 1272 baptizati
510 1209 576 1259 labia
658 1212 683 1268 9,
697 1211 735 1258 ll.
763 1209 931 1270 descriptura
947 1207 1054 1256 nominis
1070 1205 1124 1268 ejus

108 1290 253 1352 tangebant,
267 1291 321 1338 142.
365 1327 366 1330 ,
658 1292 748 1354 agitur,
760 1292 801 1349 24,
814 1291 855 1349 29,
867 1291 908 1337 30.

77 1370 227 1436 telematius
237 1371 352 1423 ἀκταία
360 1380 385 1420 et
396 1371 408 1423 i
419 1371 524 1431 isaiam,
533 1387 575 1421 cu-
625 1374 780 1435 Asclepiades
794 1372 904 1420 medicus
918 1378 944 1420 et
957 1367 1122 1432 philosophus,

107 1450 150 1512 jus
166 1452 265 1500 lnaresis
283 1459 369 1501 auctor
383 1460 409 1500 et
426 1467 514 1513 pareus
529 1453 577 1500 fuit
659 1454 692 1500 iv.
704 1453 762 1511 347,
775 1451 832 1500 374.

109 1531 260 1592 Theudotus,
276 1533 302 1580 ii.
319 1533 344 1592 8,
359 1533 398 1592 ll,
413 1532 452 1592 12,
463 1533 505 1591 23,
517 1533 575 1591 478,
626 1533 803 1582 Ascnnrraurs
819 1532 891 1582 amici
906 1529 1030 1579 Laetantii
1048 1529 1123 1592 Frag-

110 1613 168 1662 501.
658 1624 778 1674 mentum,
790 1616 823 1662 iv.
835 1614 891 1662 383.

76 1694 202 1742 Arnobius
216 1693 244 1743 in
258 1708 308 1742 uno
319 1701 416 1743 tantum
427 1694 510 1742 codice
521 1695 575 1742 MS.
626 1699 819 1759 Asclepiodotus.
839 1695 888 1743 vid.
905 1693 1059 1753 Asclepiades
1074 1691 1123 1740 lue-

110 1780 188 1832 extat,
200 1773 265 1822 sicut
273 1773 382 1822 Velleius
396 1774 541 1823 Paterculus
552 1780 577 1821 et
658 1780 756 1827 [θείως.

110 1853 238 1904 ffinuc'iur
249 1855 327 1914 Felix,
338 1855 374 1903 iii
384 1857 442 1914 244.
626 1862 750 1910 Ashtonus
770 1857 906 1926 (Carolus),
925 1857 995 1919 cujus
1012 1863 1140 1918 posmma'

75 1933 167 2001 δὀὔθ’,
179 1938 271 1994 imm,
282 1951 416 1993 remwm,
426 1936 443 1985 i·
451 1935 510 1993 371,
518 1936 575 1983 335·
658 1951 696 1992 est
713 1943 789 1996 editio
811 1943 945 2004 Utriusque
958 1940 1082 2002 Apologia
1096 1934 1125 1986 S.

75 2015 206 2065 ΑΜΰθῑῖθ
222 2011 377 2080 18391ῑῦ31113
393 2019 534 2081 AEgyptius,
548 2018 573 2065 ῑῖ·
657 2025 764 2084 laetiori,
777 2025 973 2072 cohortationem
983 2023 1018 2068 ad
1029 2020 1126 2068 Graeeoe

112 2096 168 2155 140,
180 2095 237 2145 265.
659 2107 689 2154 ab
711 2107 796 2154 eodem
817 2104 917 2151 ‹lustino
943 2100 1075 2162 abjudicat,
1098 2098 1124 2146 ii.

74 2176 198 2226 mous
213 2180 341 2228 haereticus
352 2181 382 2228 ab
394 2180 449 2229 aliis
462 2182 576 2230 omnibus
659 2189 716 2246 292,
727 2188 783 2235 295.

110 2256 251 2303 8993039115
260 2265 347 2318 1²1¹&er
353 2257 484 2306 Auctffl‘em
492 2260 575 2320 Fffld·
626 2269 711 2317 Asiam
727 2268 866 2315 universam
884 2260 1024 2325 subjugavit
1041 2263 1123 2308 Sesos-

110 2339 234 2385 mentido
253 2339 351 2387 &notre
365 2340 394 2388 S.
406 2341 498 2404 Script.
515 2356 576 2402 prae-
659 2350 712 2407 tris,
725 2350 751 2396 ii.
766 2349 819 2395 139.
847 2346 902 2405 toti,
920 2345 1028 2405 exceptis
1044 2343 1123 2401 Indis,

109 2419 247 2478 mim,
259 2420 291 2468 49-
303 2423 329 2480 5,
340 2424 381 2470 33·
657 2432 740 2480 Ninus
757 2428 895 2489 imperavit,
909 2426 963 2474 159.
990 2424 1053 2472 Asiae
1064 2423 1123 2470 viri-

74 2499 173 2550 masis
191 2501 256 2564 regit
275 2503 398 2552 Armfflise
417 2505 532 2567 conjuges
552 2512 577 2553 et
657 2513 704 2559 bus
728 2511 857 2571 praefectus
881 2513 920 2555 est
944 2505 981 2552 M.
1001 2503 1125 2551 Antonius

109 2580 253 2629 concubina
267 2584 312 2630 &e
329 2598 385 2631 eum
401 2599 430 2631 eo
448 2585 521 2632 simul
538 2601 575 2633 se·
657 2592 779 2649 triumvir,
794 2589 918 2648 177,180.

108 2661 173 2722 pulsi
184 2670 288 2711 mortem
298 2664 421 2722 obiemnt,
433 2667 449 2712 i.
461 2667 501 2714 98.
625 2675 663 2723 Ab
674 2673 789 2722 Asiaticis
800 2671 900 2736 synodis
910 2683 973 2729 soepe
984 2666 1124 2716 Montanis·

74 2740 226 2792 Artaxerxes
241 2744 411 2807 longimanus
427 2762 471 2795 rex
490 2750 575 2798 Persa·
658 2761 689 2801 tae
700 2751 819 2807 damnati,
831 2749 857 2797 ii.
869 2748 909 2797 77.

110 2835 174 2869 rum.
202 2823 241 2870 Ab
257 2825 310 2886 ejus
326 2841 391 2873 anno
404 2827 519 2877 vicesimo
530 2845 575 2877 nu·
625 2833 733 2895 Aspasia
760 2834 815 2879 dua
841 2830 898 2878 belli
927 2823 1126 2889 Peloponnesiaci

110 2902 221 2951 merabat
235 2905 317 2954 Julius
332 2907 463 2956 Africanus
479 2918 575 2972 septua-
628 2946 630 2953 .
658 2925 732 2959 causa
742 2910 851 2967 luerunt,
863 2909 890 2956 ii.
904 2907 960 2966 175,
971 2907 1028 2955 327.

109 2983 181 3045 ginta
207 2986 319 3036 Danielis
348 2989 520 3051 hebdomadas,
549 2994 575 3041 ii.
625 2992 774 3041 Assemanus
788 2989 919 3054 (dosepbus
932 2982 1066 3048 simonius]
1081 2984 1124 3033 ad·

111 3064 316 3123 1⁷⁵‚1ss-192.
658 3071 939 3132 111111,1ν.131,111.
1160 3129 1162 3134 Ι

74 3145 200 3205 Artemas,
212 3164 256 3198 seu
267 3150 376 3210 Artem,
389 3153 524 3202 hereticus.
551 3154 577 3202 la
626 3155 728 3218 Assyrii.
742 3155 773 3202 ab
783 3154 815 3202 iis
826 3161 897 3215 capta
906 3150 1088 3214 Hierosolyma,
1097 3149 1124 3197 ii.

107 3225 212 3300 fetosae
221 3229 252 3277 ab
259 3229 365 3280 Auctore
374 3233 431 3281 libri
440 3235 499 3283 dicti
507 3236 575 3283 Pur·
661 3238 715 3286 147.
725 3237 820 3297 primus
826 3233 955 3295 imperavit
961 3233 1010 3281 illis
1016 3233 1121 3289 Cronius,
1204 3238 1206 3242 ’

107 3310 134 3356 vo'
156 3308 308 3370 Lobyoiatdi
329 3314 394 3361 baud
418 3315 576 3377 impugnatus
658 3332 701 3366 seu
712 3318 840 3373 Saturnus,
852 3321 908 3375 post
917 3312 1014 3372 oupioer
1025 3325 1068 3359 sen
1081 3310 1123 3358 Pi·

107 3396 154 3448 est,
166 3391 212 3438 etsi
229 3393 397 3442 confutaretur
411 3396 438 3443 in
454 3411 484 3444 eo
499 3397 574 3445 boere-
656 3412 709 3456 cus,
715 3396 802 3444 deinde
809 3395 892 3443 Ninus
898 3393 1041 3454 iraterejus,
1048 3407 1122 3454 prox·

107 3471 143 3520 sis
153 3472 337 3536 Artemoniana,
349 3493 404 3538 quar
419 3486 504 3540 postea
516 3479 573 3538 fuit,
655 3478 705 3525 ime
714 3477 820 3535 iburas,
832 3476 875 3536 qui
889 3482 914 3522 et
928 3474 997 3521 Mars
1011 3474 1050 3522 vel
1061 3474 1123 3522 Ares

105 3553 134 3602 ii.
154 3555 194 3613 18,
212 3556 254 3615 20,
272 3558 312 3604 23.
351 3560 398 3606 Sed
415 3561 499 3608 confer
516 3559 572 3607 517.
655 3557 790 3619 appellatus
802 3564 849 3616 est,
862 3556 917 3614 149,
928 3557 983 3615 1511,
991 3555 1047 3604 279.
1064 3555 1122 3603 111111

106 3635 169 3696 Ejus
189 3636 279 3699 dogma
300 3639 453 3689 instaurabat
480 3641 571 3689 Paulus
654 3639 757 3702 Assyrii,
771 3638 824 3686 159.
842 3638 936 3701 Assyrii
944 3638 970 3685 in
980 3637 1120 3696 Palaestina,

105 3716 289 3777 Samosatenus,
308 3719 348 3778 18,
366 3721 424 3779 463,
437 3723 496 3780 486,
513 3723 570 3770 509.
656 3720 712 3779 162,
724 3721 780 3768 302.
806 3721 897 3769 Statuit
907 3720 1038 3769 Afficanus
1048 3719 1130 3781 Argi

104 3797 196 3861 quibua
216 3801 366 3861 temporibus
389 3803 479 3851 vixerit
499 3802 570 3851 Arte·
654 3817 740 3850 vorum
752 3817 855 3865 regnum
871 3817 937 3851 auno
953 3801 1119 3850 ducentesimo

104 3894 169 3937 mas,
181 3881 239 3940 516,
250 3882 307 3930 517.
330 3883 402 3931 ambo
418 3883 524 3932 haeretici
537 3884 570 3932 si·
653 3884 819 3948 Assyriorum,
831 3884 884 3931 Arii
896 3892 978 3932 autern
989 3882 1069 3945 quarti
1080 3881 1118 3942 ip·

103 3961 158 4010 mul
175 3965 367 4023 commemorati,
384 3965 416 4012 iv.
433 3966 490 4014 317.
516 3966 571 4027 quis
654 3979 737 4013 sorum
748 3966 813 4027 regis
822 3974 930 4027 tempore
937 3965 1050 4026 coepisse,
1060 3962 1116 4022 164,

104 4051 192 4093 auctor
199 4046 362 4096 fueritPoouo'
370 4049 532 4111 labyrinthi,
544 4051 571 4099 ii.
654 4046 710 4095 297.
733 4047 888 4110 Assyriomm
899 4060 985 4109 regum
996 4043 1119 4094 tabulae·

104 4125 131 4184 3,
142 4125 168 4185 7,
183 4126 285 4174 18-20.
583 4137 584 4140 ’
652 4128 702 4190 pud
713 4128 862 4191 syncellum,
874 4128 931 4177 357.

69 4204 179 4254 Ascalon
189 4207 247 4256 urbs
259 4208 403 4269 Palaestina,
413 4209 439 4258 ii.
451 4211 494 4258 121
499 4245 506 4269 ,
517 4211 571 4259 176.
621 4208 732 4257 Asterius
743 4209 866 4258 Urbanus.
887 4208 950 4271 atii
961 4209 994 4271 aq*
1007 4206 1117 4460 ΙῙ
1287 4180 1290 4186 ¹

106 4298 166 4334 von.
179 4299 214 4335 tv.
654 4303 671 4338 n
682 4291 698 4337 d
998 4314 1003 4321 ·
