2684 4740
275 249 329 315 IN
349 245 617 316 FRAGMENT.
638 243 828 312 INCERTI
850 245 1125 314 SCRIPTORIS.
1183 265 1223 336 27

158 421 284 484 meeum
307 418 567 508 Hippolytumre
584 417 779 504 discipulum
802 418 885 506 ejus,
900 443 982 508 quos
1001 444 1099 510 supra
1119 424 1225 491 nomi·
1264 396 1268 413 Ι

147 519 233 571 arat
244 506 429 585 Stoechius,
443 507 527 572 banc
539 504 709 591 epistolam
725 527 743 569 e
758 506 914 572 librorum
929 530 1094 574 sacrorum
1110 532 1225 577 nume·

157 611 207 656 ro
228 591 383 679 ejecisse,
401 593 522 680 quippe
543 614 632 669 cum,
655 605 737 656 teste
758 593 900 658 Eusebio
921 593 978 659 lib.
996 619 1025 658 v.
1046 590 1135 661 Hist.
1151 618 1222 687 cap.

159 685 220 743 ²6.
237 701 279 743 ex
294 679 364 764 ipsa
377 679 553 745 sententias
568 678 722 764 quasdam
738 677 826 743 idem
841 679 896 744 ille
912 681 1054 745 lrenaeus
1072 680 1106 745 in
1125 704 1223 771 opere

158 784 231 829 suo
249 765 417 830 Veriaram
436 764 696 850 Disputatiorrum
717 765 913 831 adduxisset.
958 767 1115 854 Origenes
1138 791 1221 858 quo-

163 866 236 937 que
258 852 293 916 iu
315 853 398 916 hanc
418 851 590 936 epistolam
613 851 739 936 scripsit
761 852 1023 918 commentarios.
1066 855 1165 923 Porro
1188 854 1222 919 in

162 935 247 1002 luco
257 939 359 1004 modo
374 940 515 1004 excitato
528 937 681 1003 Dardano
697 937 840 1002 ostendit
855 939 1091 1024 Hieronymus,
1103 941 1223 1041 suscipi

164 1040 242 1088 eam
257 1024 353 1112 quasi
374 1024 464 1091 Pauli
484 1023 623 1108 apostoli
638 1024 681 1087 ab
693 1024 837 1091 ecclesiis
853 1024 994 1089 Orientis
1010 1038 1044 1090 et
1057 1026 1099 1090 ab
1115 1029 1221 1095 omnt'·

165 1107 231 1181 bus
243 1110 356 1177 Greci
370 1111 528 1175 sermonis
543 1111 764 1197 scriptoribus.
811 1109 909 1176 Certe
924 1133 988 1197 ego
1003 1109 1088 1179 iuter
1107 1110 1219 1200 legeu-

165 1193 247 1260 dum
270 1197 359 1261 clere
378 1213 475 1284 atque
496 1212 606 1283 aperte
624 1197 746 1260 factum
767 1194 848 1262 illud
868 1197 911 1265 ab
924 1196 1125 1285 auctoribus,
1162 1220 1221 1275 uos

165 1279 222 1346 bie
235 1283 427 1361 nominabo,
440 1282 519 1362 vidit
536 1282 655 1368 quique
671 1305 795 1359 omnes,
810 1283 951 1368 exceptis
966 1283 1000 1348 S.
1011 1285 1105 1349 Petro
1120 1221 1221 1352 Alex·

165 1367 306 1433 andrina
318 1370 478 1455 episcopo
489 1383 587 1454 atque
601 1368 757 1448 Eusebio,
771 1383 847 1433 ante
861 1369 1016 1435 saeculum
1033 1369 1165 1437 tertium
1183 1369 1220 1439 ti-

165 1453 276 1519 nitum
296 1455 454 1535 vixerant3
475 1479 494 1523 a
516 1454 687 1521 Clemente
707 1454 857 1521 nimirum
876 1455 1108 1543 Alexandrino,
1123 1455 1185 1521 etei
1202 1479 1223 1522 a

163 1538 318 1604 Romano
333 1563 466 1628 quoque
486 1541 657 1609 Clemente
679 1541 775 1605 etiam
798 1541 955 1605 existente
974 1541 1094 1609 saeculo
1139 1542 1222 1615 rimo

162 1625 306 1710 epistola
323 1628 468 1694 adducta
484 1642 533 1693 est
553 1627 586 1692 in
605 1627 766 1712 capitibus
788 1626 858 1713 ejus
876 1638 924 1702 17.
940 1639 974 1690 et
989 1631 1030 1691 36
1039 1650 1049 1706 ;
1068 1649 1087 1692 a
1136 1642 1223 1697 etere

163 1709 299 1798 insuper
319 1714 519 1801 Presbytero.
534 1713 622 1800 apud
641 1712 779 1779 eundem
803 1711 993 1776 Clementem
1007 1711 1106 1778 Alea.
1122 1735 1221 1802 quem

164 1817 199 1881 p.
209 1809 283 1873 472.
300 1800 365 1864 vol.
381 1802 408 1864 1.
425 1799 601 1886 Reliqaior.
616 1799 783 1877 collocavi,
799 1798 841 1863 ab
859 1798 1014 1884 Origene,
1033 1820 1109 1862 cum
1132 1798 1220 1887 alibi,

161 1895 237 1947 turn
250 1884 286 1948 in
303 1885 412 1970 Epirt.
428 1886 470 1952 ad
483 1884 674 1972 Africanam
689 1906 717 1948 c.
729 1902 762 1962 9.
778 1907 798 1947 a
811 1884 972 1970 Dionysio
987 1882 1222 1967 Alexandrino,

161 1967 363 2034 Praesulibus
378 1972 593 2040 Antiochenis
609 1972 642 2037 in
653 1969 805 2054 Epistola
820 1992 878 2034 sua
885 1969 933 2034 ud
942 1968 1083 2035 Paulum
1099 1968 1221 2038 Samus.

162 2075 220 2140 pp.
239 2068 315 2131 473.
338 2073 374 2122 et
390 2069 462 2132 474.
486 2058 518 2123 in
534 2057 597 2121 vol.
619 2049 666 2120 ll.
686 2055 802 2142 posita,
827 2057 921 2119 Petro
942 2054 1173 2123 Alexandrino,
1186 2056 1218 2120 in

161 2141 292 2209 &none
306 2164 367 2209 suo
383 2143 485 2222 Nom,
500 2142 640 2228 denique
655 2141 697 2209 ab
720 2141 862 2206 Eusebio
876 2141 948 2226 ipso
964 2142 1016 2206 De
1030 2140 1136 2207 Mart.
1152 2142 1218 2217 Pa·

162 2223 249 2297 tart.
265 2227 352 2292 mxi.
390 2228 542 2295 Addendi
561 2227 726 2297 Clementi
747 2229 906 2306 Romano,
946 2226 979 2290 ui
999 2226 1086 2292 haud
1108 2224 1215 2315 ipsum

161 2312 255 2377 Pauli
280 2332 398 2378 nomen
416 2314 577 2400 apposuit,
603 2314 736 2398 Pinytus
756 2313 788 2377 in
809 2249 957 2397 Epistodo
972 2311 1014 2377 ad
1028 2311 1113 2378 Diorr
1138 2314 1218 2380 sium

162 2397 375 2479 Corinthiam,
424 2447 432 2463 .
452 2415 520 2466 132.
535 2400 598 2464 vol.
612 2400 643 2465 l.
662 2398 838 2484 Reliquior.
860 2398 1094 2484 Theognostus
1147 2412 1216 2467 ate-⁸

161 2484 298 2549 cheticae
312 2484 346 2549 in
363 2422 582 2551 Alisandrina
598 2485 676 2549 urbe
691 2483 812 2548 scholae
829 2484 1012 2569 praefectus,
1028 2483 1063 2547 S.
1077 2483 1217 2550 Metho-

161 2568 247 2651 dius,
264 2571 296 2634 in
315 2569 459 2636 comiato
474 2571 507 2637 V
504 2571 566 2658 irg.
581 2592 636 2657 pp.
648 2584 697 2647 90.
711 2582 744 2633 et
755 2575 806 2646 96.
820 2567 871 2631 ed.
887 2568 1064 2632 Combelis.
1081 2569 1217 2635 Manes·

161 2677 229 2804 pue
242 2670 277 2720 et
291 2655 474 2723 Archelaus
491 2657 523 2724 in
539 2655 763 2741 Disputatione
779 2674 871 2739 capp.
886 2669 916 2717 5.
934 2666 984 2718 34.
1001 2668 1035 2717 et
1049 2667 1101 2719 41.
1116 2667 1150 2719 et
1165 2669 1216 2720 53.

182 2743 212 2806 l.
228 2742 284 2806 Ad
295 2743 404 2807 Jacobi
439 2743 506 2809 uod
517 2743 634 2809 attinet
643 2739 834 2824 Epistulam,
847 2760 957 2826 quam,
969 2739 1054 2805 sicut
1065 2738 1160 2807 Judae
1174 2740 1216 2807 il-

159 2827 241 2905 lam,
264 2831 375 2893 omisit
393 2767 507 2895 saltem
533 2828 565 2892 in
586 2829 771 2893 recensione
791 2847 849 2890 sua
869 2825 1026 2891 librorum
1049 2847 1216 2916 sacrorum

142 2913 248 3000 .'apud
264 2915 454 2994 Eusebium,
467 2915 523 2979 lib.
534 2915 575 2979 vi.
589 2935 662 3000 cap.
673 2927 722 2976 25.
746 2912 1005 2997 Origenes,mihi
1015 2911 1216 2982 monendum

159 3013 222 3079 est,
238 3002 335 3065 verba
349 3001 493 3077 Eusebii,
510 3024 583 3088 quae
600 2997 866 3066 commemoravit
881 2996 1062 3076 Stoschius,
1075 2997 1109 3061 in
1120 2997 1216 3067 Grae·

158 3087 210 3151 oi!
226 3107 308 3165 ense,
323 3091 353 3150 eri
366 3088 467 3151 πολλοὶ
487 3096 542 3152 τῶν
560 3085 689 3151 παλαίων
705 3089 789 3160 αὐτῆς
804 3085 1020 3166 ἐμνημόνευσαν,
1034 3105 1108 3170 quae
1123 3084 1217 3151 vertit

159 3171 295 3260 quidem
310 3174 471 3253 Valesius,
488 3173 545 3240 sed
566 3173 616 3239 vix
637 3184 796 3247 accurate,
812 3168 906 3253 peuri
924 3168 1091 3232 admodmn
1108 3191 1148 3235 ex
1162 3193 1216 3255 νος

160 3258 342 3323 tortioribus
349 3285 363 3336 ,·
384 3261 446 3323 etsi
461 3261 568 3325 forsan
585 3261 630 3322 ita
645 3257 736 3343 loqui
751 3257 849 3319 etiam
865 3253 998 3318 Eusebii
1014 3254 1216 3342 temporibus

157 3343 316 3425 licuisset,
332 3350 420 3423 nam,
440 3345 467 3410 si
486 3345 543 3430 qui
564 3354 640 3408 sunt
661 3356 779 3428 praeter
796 3342 957 3405 Irenaeum
976 3338 1035 3403 lib.
1051 3338 1092 3403 iv.
1117 3346 1215 3428 &2¹⁶-

158 3431 214 3494 vel
235 3445 285 3494 30.
313 3431 409 3518 pauci
435 3430 576 3496 existunt
602 3450 621 3492 e
645 3426 857 3513 scriptoribus
886 3424 1029 3491 Eusebio
1058 3427 1216 3492 vetustio-

158 3515 263 3594 ribus,
282 3539 368 3580 nune
390 3516 628 3602 superstitibus,
650 3513 705 3600 qui
724 3514 807 3577 hanc
825 3510 995 3596 epistolam
1023 3520 1134 3596 aperte
1156 3511 1215 3581 ad·

157 3600 325 3680 drumm
352 3602 501 3667 nonnulli
523 3616 631 3666 tamen
648 3599 700 3667 alii
716 3600 850 3665 istorum
872 3595 1081 3681 superstitum
1103 3595 1144 3663 ad
1167 3597 1217 3688 ip·

157 3708 241 3766 sam,
254 3689 418 3774 praecipue
427 3688 485 3752 ubi
496 3688 611 3754 veteris
621 3686 821 3753 Testamenti
831 3682 893 3747 loci
905 3682 937 3745 in
949 3703 988 3747 ea
999 3680 1217 3767 adducuntur,

157 3788 301 3859 possum
328 3775 498 3860 respicere.
545 3773 644 3839 Certe
668 3795 746 3836 mox
775 3784 964 3833 ostensurus
991 3789 1076 3843 sum,
1103 3790 1218 3834 omnes

157 3858 317 3957 epistolas
331 3861 508 3925 catholicas
524 3882 543 3925 a
559 3859 728 3928 Clemente
743 3853 964 3919 Alexandrino
980 3853 1011 3918 in
1028 3852 1216 3941 Hypotypo·

157 3945 244 4010 sebas
258 3946 326 4010 suis
340 3946 478 4011 breviter
493 3960 654 4011 enarratas
669 3945 777 4009 fuisse.
813 3941 899 4004 Tum
915 3961 989 4002 vero
1005 3961 1024 4000 a
1040 3939 1131 4025 Syris
1146 3940 1216 4026 epi,-

158 4031 279 4100 ttolam
293 4032 411 4097 Jacobi
425 4043 588 4118 receptam
600 4053 682 4108 esse,
695 4029 791 4093 refert
803 4026 942 4091 Cosmas
959 4023 1230 4109 Indicopleust„

157 4117 215 4181 De
224 4119 348 4184 Mundo
361 4119 420 4182 lib.
429 4119 480 4183 vii.
493 4140 525 4203 p.
535 4133 605 4195 292.
619 4117 696 4215 edit·
710 4111 940 4212 Montfaucon·
954 4109 1133 4257 eadempue
1145 4108 1215 4197 epi·

158 4203 246 4273 stela
260 4204 294 4269 in
305 4205 451 4270 versione
465 4226 591 4290 semper
602 4203 709 4271 'extitit
721 4201 863 4286 Syrraca,
876 4209 960 4263 sicut
971 4216 1039 4293 'una
1053 4216 1072 4257 a
1084 4215 1115 4258 ra
1129 4217 1215 4282 prae÷

158 4301 251 4355 terea
269 4312 310 4356 ex
327 4303 451 4377 septem
474 4289 648 4376 Scripturis
669 4282 911 4369 ἀντιλεγομέναις,
928 4278 1066 4433 epistola
1080 4279 1122 4347 ad
1141 4283 1215 4348 He.

158 4375 282 4442 meos.
315 4378 393 4459 ΠΙ.
409 4376 561 4466 Denique
580 4375 626 4445 de·
645 4372 753 4445 Terris
772 4367 920 4455 Epistola
969 4364 1124 4442 ‚Joanais
1142 4360 1235 4445 hiae.
