<?xml version="1.0" encoding="UTF-8"?>
<!DOCTYPE html PUBLIC "-//W3C//DTD XHTML 1.0 Transitional//EN"
    "http://www.w3.org/TR/xhtml1/DTD/xhtml1-transitional.dtd">
<html xmlns="http://www.w3.org/1999/xhtml" xml:lang="en" lang="en">
 <head>
  <title>
</title>
<meta http-equiv="Content-Type" content="text/html;charset=utf-8" />
  <meta name='ocr-system' content='tesseract 3.04.00' />
  <meta name='ocr-capabilities' content='ocr_page ocr_carea ocr_par ocr_line ocrx_word'/>
</head>
<body>
  <div class='ocr_page' id='page_1' title='image "./reliquiaesacrae10routgoog_0045.png"; bbox 0 0 2684 4740; ppageno 0'>
   <div class='ocr_carea' id='block_1_1' title="bbox 160 204 860 298">
    <p class='ocr_par' dir='ltr' id='par_1_1' title="bbox 160 204 860 298">
     <span class='ocr_line' id='line_1_1' title="bbox 160 204 860 298; baseline -0.011 -20"><span class='ocrx_word' id='word_1_1' title='bbox 160 210 220 298; x_wconf 40' lang='lat'>28,</span> <span class='ocrx_word' id='word_1_2' title='bbox 498 204 860 272; x_wconf 77' lang='lat' dir='ltr'>auuorarrours</span> 
     </span>
    </p>
   </div>
   <div class='ocr_carea' id='block_1_2' title="bbox 112 375 1231 4421">
    <p class='ocr_par' dir='ltr' id='par_1_2' title="bbox 136 375 1231 3278">
     <span class='ocr_line' id='line_1_2' title="bbox 155 375 1195 467; baseline -0.006 -20"><span class='ocrx_word' id='word_1_3' title='bbox 155 380 295 459; x_wconf 80' lang='lat' dir='ltr'>addam3</span> <span class='ocrx_word' id='word_1_4' title='bbox 318 392 574 444; x_wconf 87' lang='lat' dir='ltr'>commentatum</span> <span class='ocrx_word' id='word_1_5' title='bbox 594 379 725 465; x_wconf 89' lang='lat' dir='ltr'>quidem</span> <span class='ocrx_word' id='word_1_6' title='bbox 746 379 846 443; x_wconf 83' lang='lat' dir='ltr'>fuisse</span> <span class='ocrx_word' id='word_1_7' title='bbox 860 378 893 443; x_wconf 93' lang='lat' dir='ltr'>in</span> <span class='ocrx_word' id='word_1_8' title='bbox 908 375 990 443; x_wconf 83' lang='lat' dir='ltr'>duas</span> <span class='ocrx_word' id='word_1_9' title='bbox 1005 378 1132 467; x_wconf 71' lang='lat' dir='ltr'>priores</span> <span class='ocrx_word' id='word_1_10' title='bbox 1143 382 1195 451; x_wconf 68' lang='grc' dir='ltr'>1η.</span> 
     </span>
     <span class='ocr_line' id='line_1_3' title="bbox 158 464 1196 554; baseline 0.004 -21"><span class='ocrx_word' id='word_1_11' title='bbox 158 469 210 533; x_wconf 87' lang='lat' dir='ltr'>&#39;us</span> <span class='ocrx_word' id='word_1_12' title='bbox 231 466 369 554; x_wconf 89' lang='lat' dir='ltr'>apostoli</span> <span class='ocrx_word' id='word_1_13' title='bbox 388 467 541 552; x_wconf 82' lang='lat' dir='ltr'><strong>epistolas</strong></span> <span class='ocrx_word' id='word_1_14' title='bbox 564 464 704 529; x_wconf 90' lang='lat' dir='ltr'>eundem</span> <span class='ocrx_word' id='word_1_15' title='bbox 726 464 942 545; x_wconf 83' lang='lat' dir='ltr'><strong>Clementem,</strong></span> <span class='ocrx_word' id='word_1_16' title='bbox 962 464 997 531; x_wconf 91' lang='lat' dir='ltr'>id</span> <span class='ocrx_word' id='word_1_17' title='bbox 1016 470 1196 537; x_wconf 71' lang='lat' dir='ltr'>temnis</span> 
     </span>
     <span class='ocr_line' id='line_1_4' title="bbox 168 551 1195 640; baseline 0.002 -22"><span class='ocrx_word' id='word_1_18' title='bbox 168 555 213 619; x_wconf 91' lang='lat' dir='ltr'>ib.</span> <span class='ocrx_word' id='word_1_19' title='bbox 228 554 333 640; x_wconf 89' lang='lat' dir='ltr'>primo</span> <span class='ocrx_word' id='word_1_20' title='bbox 343 552 452 617; x_wconf 84' lang='lat' dir='ltr'>Diuin.</span> <span class='ocrx_word' id='word_1_21' title='bbox 464 553 646 616; x_wconf 81' lang='lat' dir='ltr'><em>Lectionum</em></span> <span class='ocrx_word' id='word_1_22' title='bbox 659 551 868 631; x_wconf 75' lang='lat' dir='ltr'>cassiodoro,</span> <span class='ocrx_word' id='word_1_23' title='bbox 881 573 920 616; x_wconf 85' lang='lat' dir='ltr'>cu</span> <span class='ocrx_word' id='word_1_24' title='bbox 945 565 997 617; x_wconf 82' lang='grc'>.3.</span> <span class='ocrx_word' id='word_1_25' title='bbox 1010 552 1119 621; x_wconf 88' lang='lat' dir='ltr'>immo</span> <span class='ocrx_word' id='word_1_26' title='bbox 1130 576 1195 623; x_wconf 73' lang='lat' dir='ltr'>ruo</span> 
     </span>
     <span class='ocr_line' id='line_1_5' title="bbox 154 636 1195 726; baseline 0.003 -22"><span class='ocrx_word' id='word_1_27' title='bbox 154 655 264 705; x_wconf 82' lang='lat' dir='ltr'>extare</span> <span class='ocrx_word' id='word_1_28' title='bbox 277 639 395 719; x_wconf 90' lang='lat' dir='ltr'>adhuc,</span> <span class='ocrx_word' id='word_1_29' title='bbox 408 663 482 726; x_wconf 86' lang='lat' dir='ltr'>quae</span> <span class='ocrx_word' id='word_1_30' title='bbox 496 638 722 703; x_wconf 87' lang='lat' dir='ltr'>adscribuntur</span> <span class='ocrx_word' id='word_1_31' title='bbox 738 636 900 702; x_wconf 82' lang='lat' dir='ltr'><strong>Clementi</strong></span> <span class='ocrx_word' id='word_1_32' title='bbox 960 640 1195 707; x_wconf 56' lang='lat' dir='ltr'>“Admin-</span> 
     </span>
     <span class='ocr_line' id='line_1_6' title="bbox 155 724 1195 810; baseline 0.006 -21"><span class='ocrx_word' id='word_1_33' title='bbox 155 726 252 791; x_wconf 85' lang='lat' dir='ltr'>tiones</span> <span class='ocrx_word' id='word_1_34' title='bbox 266 726 299 789; x_wconf 92' lang='lat' dir='ltr'>in</span> <span class='ocrx_word' id='word_1_35' title='bbox 314 725 373 790; x_wconf 89' lang='lat' dir='ltr'>has</span> <span class='ocrx_word' id='word_1_36' title='bbox 386 726 467 790; x_wconf 89' lang='lat' dir='ltr'>duas</span> <span class='ocrx_word' id='word_1_37' title='bbox 482 724 647 810; x_wconf 83' lang='lat' dir='ltr'>epistolas,</span> <span class='ocrx_word' id='word_1_38' title='bbox 659 747 723 788; x_wconf 94' lang='lat' dir='ltr'>non</span> <span class='ocrx_word' id='word_1_39' title='bbox 737 725 770 789; x_wconf 92' lang='lat' dir='ltr'>in</span> <span class='ocrx_word' id='word_1_40' title='bbox 782 724 929 803; x_wconf 84' lang='lat' dir='ltr'>tertiam;</span> <span class='ocrx_word' id='word_1_41' title='bbox 945 724 1003 789; x_wconf 89' lang='lat' dir='ltr'>sed</span> <span class='ocrx_word' id='word_1_42' title='bbox 1014 740 1195 795; x_wconf 72' lang='lat' dir='ltr'>tamenn:-</span> 
     </span>
     <span class='ocr_line' id='line_1_7' title="bbox 154 808 1196 896; baseline 0.005 -20"><span class='ocrx_word' id='word_1_43' title='bbox 154 812 230 877; x_wconf 89' lang='lat' dir='ltr'>dere</span> <span class='ocrx_word' id='word_1_44' title='bbox 250 813 427 877; x_wconf 88' lang='lat' dir='ltr'>Eusebium</span> <span class='ocrx_word' id='word_1_45' title='bbox 442 812 499 875; x_wconf 93' lang='lat' dir='ltr'>lib.</span> <span class='ocrx_word' id='word_1_46' title='bbox 511 812 551 875; x_wconf 91' lang='lat' dir='ltr'>vi.</span> <span class='ocrx_word' id='word_1_47' title='bbox 571 810 657 874; x_wconf 87' lang='lat' dir='ltr'>Hist.</span> <span class='ocrx_word' id='word_1_48' title='bbox 673 831 744 896; x_wconf 88' lang='lat' dir='ltr'>cap.</span> <span class='ocrx_word' id='word_1_49' title='bbox 759 826 808 874; x_wconf 79' lang='lat'>14.</span> <span class='ocrx_word' id='word_1_50' title='bbox 831 808 1040 877; x_wconf 82' lang='lat' dir='ltr'>Clementem</span> <span class='ocrx_word' id='word_1_51' title='bbox 1056 813 1094 879; x_wconf 86' lang='lat' dir='ltr'>in</span> <span class='ocrx_word' id='word_1_52' title='bbox 1113 812 1196 881; x_wconf 63' lang='lat' dir='ltr'>libi</span> 
     </span>
     <span class='ocr_line' id='line_1_8' title="bbox 152 896 1231 997; baseline -0.001 -36"><span class='ocrx_word' id='word_1_53' title='bbox 152 899 369 963; x_wconf 74' lang='lat' dir='ltr'>&#39;Tmurdrem</span> <span class='ocrx_word' id='word_1_54' title='bbox 388 899 535 963; x_wconf 91' lang='lat' dir='ltr'>omnium</span> <span class='ocrx_word' id='word_1_55' title='bbox 556 898 722 983; x_wconf 91' lang='lat' dir='ltr'>utriusque</span> <span class='ocrx_word' id='word_1_56' title='bbox 740 896 942 961; x_wconf 86' lang='lat' dir='ltr'>Testamenti</span> <span class='ocrx_word' id='word_1_57' title='bbox 962 897 1196 997; x_wconf 68' lang='lat' dir='ltr'>Scriptorum</span> <span class='ocrx_word' id='word_1_58' title='bbox 1227 931 1231 981; x_wconf 59' lang='lat' dir='ltr'>y</span> 
     </span>
     <span class='ocr_line' id='line_1_9' title="bbox 155 982 1231 1075; baseline -0.001 -25"><span class='ocrx_word' id='word_1_59' title='bbox 155 985 418 1071; x_wconf 85' lang='lat' dir='ltr'>compendiosam</span> <span class='ocrx_word' id='word_1_60' title='bbox 442 984 618 1048; x_wconf 87' lang='lat' dir='ltr'>instituisse</span> <span class='ocrx_word' id='word_1_61' title='bbox 640 982 885 1062; x_wconf 83' lang='lat' dir='ltr'>enarrationem,</span> <span class='ocrx_word' id='word_1_62' title='bbox 909 984 960 1047; x_wconf 88' lang='lat' dir='ltr'>Ne</span> <span class='ocrx_word' id='word_1_63' title='bbox 986 982 1058 1049; x_wconf 70' lang='lat' dir='ltr'>itte</span> <span class='ocrx_word' id='word_1_64' title='bbox 1129 985 1138 1000; x_wconf 86' lang='lat'>’</span> <span class='ocrx_word' id='word_1_65' title='bbox 1228 984 1231 1075; x_wconf 62' lang='lat' dir='ltr'>J</span> 
     </span>
     <span class='ocr_line' id='line_1_10' title="bbox 149 1067 1231 1157; baseline 0 -22"><span class='ocrx_word' id='word_1_66' title='bbox 149 1071 373 1157; x_wconf 67' lang='lat' dir='ltr'>praetermissis</span> <span class='ocrx_word' id='word_1_67' title='bbox 395 1070 569 1154; x_wconf 86' lang='lat' dir='ltr'>scripturis,</span> <span class='ocrx_word' id='word_1_68' title='bbox 591 1069 630 1132; x_wconf 90' lang='lat' dir='ltr'>de</span> <span class='ocrx_word' id='word_1_69' title='bbox 651 1068 761 1155; x_wconf 82' lang='lat' dir='ltr'>quibus</span> <span class='ocrx_word' id='word_1_70' title='bbox 783 1067 1041 1136; x_wconf 72' lang='lat' dir='ltr'>intermulieres</span> <span class='ocrx_word' id='word_1_71' title='bbox 1098 1071 1108 1087; x_wconf 84' lang='lat'><em>⁰</em></span> <span class='ocrx_word' id='word_1_72' title='bbox 1134 1072 1142 1085; x_wconf 88' lang='lat'>&#39;</span> <span class='ocrx_word' id='word_1_73' title='bbox 1183 1118 1195 1153; x_wconf 92' lang='lat'>,</span> <span class='ocrx_word' id='word_1_74' title='bbox 1229 1140 1231 1147; x_wconf 63' lang='grc'>,</span> 
     </span>
     <span class='ocr_line' id='line_1_11' title="bbox 153 1153 1194 1242; baseline 0.004 -22"><span class='ocrx_word' id='word_1_75' title='bbox 153 1156 250 1220; x_wconf 77' lang='lat' dir='ltr'>Judae</span> <span class='ocrx_word' id='word_1_76' title='bbox 267 1156 408 1242; x_wconf 83' lang='lat' dir='ltr'>epistola,</span> <span class='ocrx_word' id='word_1_77' title='bbox 423 1168 453 1221; x_wconf 87' lang='lat' dir='ltr'>et</span> <span class='ocrx_word' id='word_1_78' title='bbox 474 1153 645 1234; x_wconf 73' lang='lat' dir='ltr'>Barnabae,</span> <span class='ocrx_word' id='word_1_79' title='bbox 668 1177 705 1218; x_wconf 87' lang='lat' dir='ltr'>uc</span> <span class='ocrx_word' id='word_1_80' title='bbox 723 1154 853 1242; x_wconf 85' lang='lat' dir='ltr'>reliquis</span> <span class='ocrx_word' id='word_1_81' title='bbox 873 1153 1038 1220; x_wconf 72' lang='lat' dir='ltr'>catholicis</span> <span class='ocrx_word' id='word_1_82' title='bbox 1053 1156 1194 1242; x_wconf 60' lang='lat' dir='ltr'>episto&amp;</span> 
     </span>
     <span class='ocr_line' id='line_1_12' title="bbox 153 1241 1197 1329; baseline 0.003 -22"><span class='ocrx_word' id='word_1_83' title='bbox 153 1243 331 1328; x_wconf 81' lang='lat' dir='ltr'>scripserat</span> <span class='ocrx_word' id='word_1_84' title='bbox 347 1265 427 1329; x_wconf 87' lang='lat' dir='ltr'>ergo</span> <span class='ocrx_word' id='word_1_85' title='bbox 444 1242 608 1320; x_wconf 88' lang='lat' dir='ltr'>Clemens,</span> <span class='ocrx_word' id='word_1_86' title='bbox 623 1241 651 1305; x_wconf 93' lang='lat' dir='ltr'>si</span> <span class='ocrx_word' id='word_1_87' title='bbox 665 1255 832 1307; x_wconf 88' lang='lat' dir='ltr'>accuratus</span> <span class='ocrx_word' id='word_1_88' title='bbox 848 1242 939 1306; x_wconf 88' lang='lat' dir='ltr'>testis</span> <span class='ocrx_word' id='word_1_89' title='bbox 957 1255 1009 1306; x_wconf 90' lang='lat' dir='ltr'>est</span> <span class='ocrx_word' id='word_1_90' title='bbox 1027 1244 1197 1325; x_wconf 48' lang='lat' dir='ltr'>Eusebia</span> 
     </span>
     <span class='ocr_line' id='line_1_13' title="bbox 153 1326 1195 1413; baseline 0.003 -19"><span class='ocrx_word' id='word_1_91' title='bbox 153 1330 402 1394; x_wconf 86' lang='lat' dir='ltr'>commentarios</span> <span class='ocrx_word' id='word_1_92' title='bbox 415 1330 448 1393; x_wconf 93' lang='lat' dir='ltr'>in</span> <span class='ocrx_word' id='word_1_93' title='bbox 461 1329 587 1395; x_wconf 88' lang='lat' dir='ltr'>tertiam</span> <span class='ocrx_word' id='word_1_94' title='bbox 598 1326 779 1413; x_wconf 85' lang='lat' dir='ltr'>Epistulam</span> <span class='ocrx_word' id='word_1_95' title='bbox 789 1328 935 1407; x_wconf 87' lang='lat' dir='ltr'>Joannis,</span> <span class='ocrx_word' id='word_1_96' title='bbox 946 1326 1032 1393; x_wconf 91' lang='lat' dir='ltr'>sicut</span> <span class='ocrx_word' id='word_1_97' title='bbox 1041 1329 1078 1395; x_wconf 89' lang='lat' dir='ltr'>iu</span> <span class='ocrx_word' id='word_1_98' title='bbox 1087 1328 1195 1397; x_wconf 77' lang='lat' dir='ltr'>Jscch&#39;</span> 
     </span>
     <span class='ocr_line' id='line_1_14' title="bbox 151 1413 1194 1502; baseline 0.004 -23"><span class='ocrx_word' id='word_1_99' title='bbox 151 1414 335 1502; x_wconf 87' lang='lat' dir='ltr'>epistolam.</span> <span class='ocrx_word' id='word_1_100' title='bbox 378 1415 554 1502; x_wconf 90' lang='lat' dir='ltr'>Utcunque</span> <span class='ocrx_word' id='word_1_101' title='bbox 574 1436 624 1478; x_wconf 88' lang='lat' dir='ltr'>res</span> <span class='ocrx_word' id='word_1_102' title='bbox 642 1413 752 1495; x_wconf 88' lang='lat' dir='ltr'>babet,</span> <span class='ocrx_word' id='word_1_103' title='bbox 777 1413 840 1477; x_wconf 90' lang='lat' dir='ltr'>hoc</span> <span class='ocrx_word' id='word_1_104' title='bbox 869 1427 956 1479; x_wconf 90' lang='lat' dir='ltr'>certe</span> <span class='ocrx_word' id='word_1_105' title='bbox 976 1413 1194 1502; x_wconf 81' lang='lat' dir='ltr'>colligendum</span> 
     </span>
     <span class='ocr_line' id='line_1_15' title="bbox 150 1499 1193 1590; baseline 0 -23"><span class='ocrx_word' id='word_1_106' title='bbox 150 1513 212 1581; x_wconf 85' lang='lat' dir='ltr'>est,</span> <span class='ocrx_word' id='word_1_107' title='bbox 223 1524 264 1567; x_wconf 85' lang='lat' dir='ltr'>ex</span> <span class='ocrx_word' id='word_1_108' title='bbox 274 1525 315 1568; x_wconf 89' lang='lat' dir='ltr'>eo</span> <span class='ocrx_word' id='word_1_109' title='bbox 326 1501 414 1590; x_wconf 92' lang='lat' dir='ltr'>quod</span> <span class='ocrx_word' id='word_1_110' title='bbox 430 1501 515 1566; x_wconf 92' lang='lat' dir='ltr'>idem</span> <span class='ocrx_word' id='word_1_111' title='bbox 528 1499 682 1565; x_wconf 89' lang='lat' dir='ltr'>Clemens</span> <span class='ocrx_word' id='word_1_112' title='bbox 697 1501 730 1563; x_wconf 90' lang='lat' dir='ltr'>in</span> <span class='ocrx_word' id='word_1_113' title='bbox 746 1500 802 1564; x_wconf 92' lang='lat' dir='ltr'>lib.</span> <span class='ocrx_word' id='word_1_114' title='bbox 812 1500 846 1563; x_wconf 92' lang='lat' dir='ltr'>ii.</span> <span class='ocrx_word' id='word_1_115' title='bbox 860 1499 1057 1565; x_wconf 75' lang='lat' dir='ltr'>stromatum</span> <span class='ocrx_word' id='word_1_116' title='bbox 1067 1524 1109 1567; x_wconf 78' lang='lat' dir='ltr'>ca</span> <span class='ocrx_word' id='word_1_117' title='bbox 1151 1516 1193 1567; x_wconf 69' lang='grc' dir='ltr'>ιε.</span> 
     </span>
     <span class='ocr_line' id='line_1_16' title="bbox 148 1522 1194 1677; baseline -0.007 -25"><span class='ocrx_word' id='word_1_118' title='bbox 148 1587 286 1675; x_wconf 91' lang='lat' dir='ltr'>primam</span> <span class='ocrx_word' id='word_1_119' title='bbox 301 1587 435 1654; x_wconf 92' lang='lat' dir='ltr'>Joannis</span> <span class='ocrx_word' id='word_1_120' title='bbox 450 1587 621 1673; x_wconf 90' lang='lat' dir='ltr'>epistolam</span> <span class='ocrx_word' id='word_1_121' title='bbox 635 1585 809 1663; x_wconf 89' lang='lat' dir='ltr'>adducens,</span> <span class='ocrx_word' id='word_1_122' title='bbox 823 1608 921 1673; x_wconf 91' lang='lat' dir='ltr'>quam</span> <span class='ocrx_word' id='word_1_123' title='bbox 936 1607 1053 1651; x_wconf 84' lang='lat' dir='ltr'>omnes</span> <span class='ocrx_word' id='word_1_124' title='bbox 1067 1608 1090 1653; x_wconf 83' lang='lat' dir='ltr'>a</span> <span class='ocrx_word' id='word_1_125' title='bbox 1103 1522 1194 1677; x_wconf 56' lang='lat' dir='ltr'>Amy.</span> 
     </span>
     <span class='ocr_line' id='line_1_17' title="bbox 149 1670 1194 1763; baseline -0.003 -26"><span class='ocrx_word' id='word_1_126' title='bbox 149 1675 239 1760; x_wconf 91' lang='lat' dir='ltr'>carpi</span> <span class='ocrx_word' id='word_1_127' title='bbox 252 1697 356 1763; x_wconf 89' lang='lat' dir='ltr'>usque</span> <span class='ocrx_word' id='word_1_128' title='bbox 369 1674 568 1760; x_wconf 86' lang='lat' dir='ltr'>temporibus</span> <span class='ocrx_word' id='word_1_129' title='bbox 582 1687 780 1758; x_wconf 88' lang='lat' dir='ltr'>receperant,</span> <span class='ocrx_word' id='word_1_130' title='bbox 795 1676 823 1734; x_wconf 79' lang='grc' dir='ltr'>ἓν</span> <span class='ocrx_word' id='word_1_131' title='bbox 837 1678 870 1758; x_wconf 72' lang='grc' dir='ltr'>τῇ</span> <span class='ocrx_word' id='word_1_132' title='bbox 890 1670 992 1755; x_wconf 76' lang='grc' dir='ltr'>μείζονι</span> <span class='ocrx_word' id='word_1_133' title='bbox 1011 1677 1130 1761; x_wconf 70' lang='grc' dir='ltr'>ἐπιςολξ</span> <span class='ocrx_word' id='word_1_134' title='bbox 1139 1694 1194 1761; x_wconf 86' lang='lat' dir='ltr'>po-</span> 
     </span>
     <span class='ocr_line' id='line_1_18' title="bbox 147 1756 1194 1838; baseline 0.004 -15"><span class='ocrx_word' id='word_1_135' title='bbox 147 1759 224 1838; x_wconf 89' lang='lat' dir='ltr'>suit,</span> <span class='ocrx_word' id='word_1_136' title='bbox 235 1760 439 1823; x_wconf 89' lang='lat' dir='ltr'>tribuendam</span> <span class='ocrx_word' id='word_1_137' title='bbox 453 1781 522 1823; x_wconf 89' lang='lat' dir='ltr'>esse</span> <span class='ocrx_word' id='word_1_138' title='bbox 538 1759 653 1823; x_wconf 88' lang='lat' dir='ltr'>saltem</span> <span class='ocrx_word' id='word_1_139' title='bbox 669 1756 757 1822; x_wconf 90' lang='lat' dir='ltr'>illam</span> <span class='ocrx_word' id='word_1_140' title='bbox 772 1758 948 1822; x_wconf 87' lang='lat' dir='ltr'>secundam</span> <span class='ocrx_word' id='word_1_141' title='bbox 963 1779 1004 1823; x_wconf 84' lang='lat' dir='ltr'>ex</span> <span class='ocrx_word' id='word_1_142' title='bbox 1019 1758 1194 1827; x_wconf 69' lang='lat' dir='ltr'>clementi</span> 
     </span>
     <span class='ocr_line' id='line_1_19' title="bbox 148 1843 1194 1930; baseline 0.005 -24"><span class='ocrx_word' id='word_1_143' title='bbox 148 1845 433 1911; x_wconf 78' lang='lat' dir='ltr'>senterrtiaioanni</span> <span class='ocrx_word' id='word_1_144' title='bbox 443 1843 604 1929; x_wconf 89' lang='lat' dir='ltr'>apostolo,</span> <span class='ocrx_word' id='word_1_145' title='bbox 614 1866 679 1907; x_wconf 92' lang='lat' dir='ltr'>non</span> <span class='ocrx_word' id='word_1_146' title='bbox 688 1844 890 1930; x_wconf 91' lang='lat' dir='ltr'>presbytero,</span> <span class='ocrx_word' id='word_1_147' title='bbox 899 1843 954 1908; x_wconf 91' lang='lat' dir='ltr'>cui</span> <span class='ocrx_word' id='word_1_148' title='bbox 986 1844 1194 1911; x_wconf 83' lang='lat' dir='ltr'>uidemmutti</span> 
     </span>
     <span class='ocr_line' id='line_1_20' title="bbox 147 1866 1196 2029; baseline 0.005 -36"><span class='ocrx_word' id='word_1_149' title='bbox 147 1930 339 2029; x_wconf 83' lang='lat' dir='ltr'>antiquitus,</span> <span class='ocrx_word' id='word_1_150' title='bbox 356 1943 439 1994; x_wconf 90' lang='lat' dir='ltr'>teste</span> <span class='ocrx_word' id='word_1_151' title='bbox 459 1931 664 2015; x_wconf 90' lang='lat' dir='ltr'>Hieronymo</span> <span class='ocrx_word' id='word_1_152' title='bbox 679 1951 708 1992; x_wconf 92' lang='lat' dir='ltr'>c.</span> <span class='ocrx_word' id='word_1_153' title='bbox 723 1947 754 2008; x_wconf 88' lang='lat'>9.</span> <span class='ocrx_word' id='word_1_154' title='bbox 769 1930 822 1992; x_wconf 92' lang='lat' dir='ltr'>De</span> <span class='ocrx_word' id='word_1_155' title='bbox 840 1930 925 1994; x_wconf 80' lang='lat' dir='ltr'>Viris</span> <span class='ocrx_word' id='word_1_156' title='bbox 938 1866 994 1996; x_wconf 71' lang='lat' dir='ltr'>Iti.</span> <span class='ocrx_word' id='word_1_157' title='bbox 1006 1942 1043 1995; x_wconf 91' lang='lat' dir='ltr'>et</span> <span class='ocrx_word' id='word_1_158' title='bbox 1056 1930 1196 1998; x_wconf 82' lang='lat' dir='ltr'>Eusebio</span> 
     </span>
     <span class='ocr_line' id='line_1_21' title="bbox 145 2014 1193 2101; baseline 0.005 -23"><span class='ocrx_word' id='word_1_159' title='bbox 145 2014 205 2079; x_wconf 90' lang='lat' dir='ltr'>lib.</span> <span class='ocrx_word' id='word_1_160' title='bbox 215 2015 260 2079; x_wconf 89' lang='lat' dir='ltr'>iri.</span> <span class='ocrx_word' id='word_1_161' title='bbox 274 2015 362 2080; x_wconf 90' lang='lat' dir='ltr'>Hist.</span> <span class='ocrx_word' id='word_1_162' title='bbox 374 2037 403 2080; x_wconf 92' lang='lat' dir='ltr'>c.</span> <span class='ocrx_word' id='word_1_163' title='bbox 413 2029 464 2080; x_wconf 85' lang='lat'>35.</span> <span class='ocrx_word' id='word_1_164' title='bbox 480 2016 562 2080; x_wconf 88' lang='lat' dir='ltr'>duas</span> <span class='ocrx_word' id='word_1_165' title='bbox 577 2015 729 2101; x_wconf 90' lang='lat' dir='ltr'>epistolas</span> <span class='ocrx_word' id='word_1_166' title='bbox 743 2015 938 2099; x_wconf 90' lang='lat' dir='ltr'>posteriores</span> <span class='ocrx_word' id='word_1_167' title='bbox 952 2037 1100 2083; x_wconf 89' lang='lat' dir='ltr'>asserere</span> <span class='ocrx_word' id='word_1_168' title='bbox 1114 2016 1193 2083; x_wconf 81' lang='lat' dir='ltr'>sole·</span> 
     </span>
     <span class='ocr_line' id='line_1_22' title="bbox 145 2100 1195 2188; baseline 0.005 -24"><span class='ocrx_word' id='word_1_169' title='bbox 145 2100 226 2166; x_wconf 91' lang='lat' dir='ltr'>bant</span> <span class='ocrx_word' id='word_1_170' title='bbox 232 2124 242 2180; x_wconf 84' lang='lat'>3</span> <span class='ocrx_word' id='word_1_171' title='bbox 258 2100 346 2166; x_wconf 89' lang='lat' dir='ltr'>haud</span> <span class='ocrx_word' id='word_1_172' title='bbox 361 2114 470 2164; x_wconf 90' lang='lat' dir='ltr'>tamen</span> <span class='ocrx_word' id='word_1_173' title='bbox 480 2101 703 2165; x_wconf 88' lang='lat' dir='ltr'>consentiente</span> <span class='ocrx_word' id='word_1_174' title='bbox 715 2101 921 2186; x_wconf 89' lang='lat' dir='ltr'>Hieronymo</span> <span class='ocrx_word' id='word_1_175' title='bbox 932 2100 1018 2186; x_wconf 92' lang='lat' dir='ltr'>ipso,</span> <span class='ocrx_word' id='word_1_176' title='bbox 1028 2101 1102 2188; x_wconf 90' lang='lat' dir='ltr'>qui,</span> <span class='ocrx_word' id='word_1_177' title='bbox 1112 2115 1195 2169; x_wconf 85' lang='lat' dir='ltr'>utex</span> 
     </span>
     <span class='ocr_line' id='line_1_23' title="bbox 145 2185 1193 2277; baseline 0.002 -26"><span class='ocrx_word' id='word_1_178' title='bbox 145 2185 302 2271; x_wconf 84' lang='lat' dir='ltr'>Epistolis</span> <span class='ocrx_word' id='word_1_179' title='bbox 316 2187 387 2274; x_wconf 92' lang='lat' dir='ltr'>ejus</span> <span class='ocrx_word' id='word_1_180' title='bbox 398 2187 439 2251; x_wconf 85' lang='lat' dir='ltr'>ud</span> <span class='ocrx_word' id='word_1_181' title='bbox 451 2185 622 2251; x_wconf 82' lang='lat' dir='ltr'>Paulinum</span> <span class='ocrx_word' id='word_1_182' title='bbox 636 2208 669 2272; x_wconf 88' lang='lat' dir='ltr'>p.</span> <span class='ocrx_word' id='word_1_183' title='bbox 681 2203 712 2264; x_wconf 88' lang='lat'>9.</span> <span class='ocrx_word' id='word_1_184' title='bbox 727 2186 780 2250; x_wconf 91' lang='lat' dir='ltr'>ed.</span> <span class='ocrx_word' id='word_1_185' title='bbox 797 2189 934 2250; x_wconf 87' lang='lat' dir='ltr'>Froben.</span> <span class='ocrx_word' id='word_1_186' title='bbox 950 2201 984 2251; x_wconf 87' lang='lat' dir='ltr'>et</span> <span class='ocrx_word' id='word_1_187' title='bbox 996 2186 1040 2250; x_wconf 85' lang='lat' dir='ltr'>ud</span> <span class='ocrx_word' id='word_1_188' title='bbox 1053 2186 1193 2277; x_wconf 78' lang='lat' dir='ltr'>Euagri-</span> 
     </span>
     <span class='ocr_line' id='line_1_24' title="bbox 144 2271 1193 2361; baseline 0.006 -27"><span class='ocrx_word' id='word_1_189' title='bbox 144 2293 199 2335; x_wconf 85' lang='lat' dir='ltr'>um</span> <span class='ocrx_word' id='word_1_190' title='bbox 213 2294 248 2358; x_wconf 89' lang='lat' dir='ltr'>p.</span> <span class='ocrx_word' id='word_1_191' title='bbox 263 2286 334 2337; x_wconf 86' lang='grc'><strong>334.</strong></span> <span class='ocrx_word' id='word_1_192' title='bbox 353 2285 490 2351; x_wconf 86' lang='lat' dir='ltr'>constat,</span> <span class='ocrx_word' id='word_1_193' title='bbox 512 2285 684 2358; x_wconf 88' lang='lat' dir='ltr'>utramque</span> <span class='ocrx_word' id='word_1_194' title='bbox 703 2273 822 2337; x_wconf 90' lang='lat' dir='ltr'>Joanni</span> <span class='ocrx_word' id='word_1_195' title='bbox 843 2271 993 2357; x_wconf 89' lang='lat' dir='ltr'>apostolo</span> <span class='ocrx_word' id='word_1_196' title='bbox 1014 2271 1193 2361; x_wconf 81' lang='lat' dir='ltr'>adscripsit.</span> 
     </span>
     <span class='ocr_line' id='line_1_25' title="bbox 144 2358 1192 2445; baseline 0.006 -24"><span class='ocrx_word' id='word_1_197' title='bbox 144 2359 272 2423; x_wconf 87' lang='lat' dir='ltr'>Interea</span> <span class='ocrx_word' id='word_1_198' title='bbox 290 2359 422 2445; x_wconf 88' lang='lat' dir='ltr'>quinam</span> <span class='ocrx_word' id='word_1_199' title='bbox 441 2358 613 2443; x_wconf 88' lang='lat' dir='ltr'>scriptores</span> <span class='ocrx_word' id='word_1_200' title='bbox 636 2369 710 2420; x_wconf 89' lang='lat' dir='ltr'>ante</span> <span class='ocrx_word' id='word_1_201' title='bbox 734 2358 891 2445; x_wconf 89' lang='lat' dir='ltr'>Cypriani</span> <span class='ocrx_word' id='word_1_202' title='bbox 912 2372 1062 2444; x_wconf 88' lang='lat' dir='ltr'>tempora</span> <span class='ocrx_word' id='word_1_203' title='bbox 1080 2381 1192 2427; x_wconf 70' lang='lat' dir='ltr'>secum</span> 
     </span>
     <span class='ocr_line' id='line_1_26' title="bbox 144 2442 1193 2531; baseline 0.003 -25"><span class='ocrx_word' id='word_1_204' title='bbox 144 2442 220 2508; x_wconf 90' lang='lat' dir='ltr'>dam</span> <span class='ocrx_word' id='word_1_205' title='bbox 231 2445 372 2531; x_wconf 85' lang='lat' dir='ltr'>amplexi</span> <span class='ocrx_word' id='word_1_206' title='bbox 388 2443 507 2509; x_wconf 83' lang='lat' dir='ltr'>fuerint</span> <span class='ocrx_word' id='word_1_207' title='bbox 521 2442 703 2530; x_wconf 86' lang='lat' dir='ltr'>epistolam,</span> <span class='ocrx_word' id='word_1_208' title='bbox 716 2465 812 2529; x_wconf 88' lang='lat' dir='ltr'>supra</span> <span class='ocrx_word' id='word_1_209' title='bbox 826 2443 953 2507; x_wconf 89' lang='lat' dir='ltr'>ostendi</span> <span class='ocrx_word' id='word_1_210' title='bbox 969 2442 1011 2507; x_wconf 90' lang='lat' dir='ltr'>ad</span> <span class='ocrx_word' id='word_1_211' title='bbox 1026 2443 1193 2513; x_wconf 78' lang='lat' dir='ltr'>Cotton..</span> 
     </span>
     <span class='ocr_line' id='line_1_27' title="bbox 144 2528 1194 2617; baseline 0.006 -24"><span class='ocrx_word' id='word_1_212' title='bbox 144 2528 350 2596; x_wconf 76' lang='lat' dir='ltr'>Csnrrruc.</span> <span class='ocrx_word' id='word_1_213' title='bbox 367 2551 440 2596; x_wconf 88' lang='lat' dir='ltr'>vrr.</span> <span class='ocrx_word' id='word_1_214' title='bbox 461 2552 538 2617; x_wconf 86' lang='lat' dir='ltr'>pag.</span> <span class='ocrx_word' id='word_1_215' title='bbox 558 2535 625 2594; x_wconf 85' lang='lat'>166.</span> <span class='ocrx_word' id='word_1_216' title='bbox 645 2528 707 2593; x_wconf 91' lang='lat' dir='ltr'>vol.</span> <span class='ocrx_word' id='word_1_217' title='bbox 720 2529 764 2595; x_wconf 91' lang='lat' dir='ltr'>iii.</span> <span class='ocrx_word' id='word_1_218' title='bbox 781 2528 957 2616; x_wconf 72' lang='lat' dir='ltr'>Reliquiae.</span> <span class='ocrx_word' id='word_1_219' title='bbox 973 2529 1094 2616; x_wconf 91' lang='lat' dir='ltr'>quibus</span> <span class='ocrx_word' id='word_1_220' title='bbox 1109 2554 1194 2599; x_wconf 88' lang='lat' dir='ltr'>nunc</span> 
     </span>
     <span class='ocr_line' id='line_1_28' title="bbox 142 2615 1195 2705; baseline 0.002 -26"><span class='ocrx_word' id='word_1_221' title='bbox 142 2615 261 2680; x_wconf 90' lang='lat' dir='ltr'>addam</span> <span class='ocrx_word' id='word_1_222' title='bbox 288 2631 454 2681; x_wconf 88' lang='lat' dir='ltr'>auctorem</span> <span class='ocrx_word' id='word_1_223' title='bbox 483 2632 559 2681; x_wconf 90' lang='lat' dir='ltr'>ante</span> <span class='ocrx_word' id='word_1_224' title='bbox 586 2615 747 2702; x_wconf 92' lang='lat' dir='ltr'>synodum</span> <span class='ocrx_word' id='word_1_225' title='bbox 773 2616 945 2679; x_wconf 88' lang='lat' dir='ltr'>Nicaenam</span> <span class='ocrx_word' id='word_1_226' title='bbox 973 2616 1030 2702; x_wconf 90' lang='lat' dir='ltr'>qui</span> <span class='ocrx_word' id='word_1_227' title='bbox 1054 2617 1195 2705; x_wconf 89' lang='lat' dir='ltr'>scripsit,</span> 
     </span>
     <span class='ocr_line' id='line_1_29' title="bbox 140 2699 1194 2786; baseline 0.006 -23"><span class='ocrx_word' id='word_1_228' title='bbox 140 2700 364 2765; x_wconf 88' lang='lat' dir='ltr'>Alexandrum</span> <span class='ocrx_word' id='word_1_229' title='bbox 383 2702 479 2764; x_wconf 85' lang='lat' dir='ltr'>Alex.</span> <span class='ocrx_word' id='word_1_230' title='bbox 499 2703 531 2763; x_wconf 91' lang='lat' dir='ltr'>in</span> <span class='ocrx_word' id='word_1_231' title='bbox 552 2699 683 2784; x_wconf 83' lang='lat' dir='ltr'>epistola</span> <span class='ocrx_word' id='word_1_232' title='bbox 706 2723 764 2764; x_wconf 86' lang='lat' dir='ltr'>sua</span> <span class='ocrx_word' id='word_1_233' title='bbox 787 2701 874 2786; x_wconf 92' lang='lat' dir='ltr'>apud</span> <span class='ocrx_word' id='word_1_234' title='bbox 897 2702 1076 2781; x_wconf 88' lang='lat' dir='ltr'>Socratem,</span> <span class='ocrx_word' id='word_1_235' title='bbox 1091 2702 1152 2769; x_wconf 90' lang='lat' dir='ltr'>lib.</span> <span class='ocrx_word' id='word_1_236' title='bbox 1171 2705 1194 2769; x_wconf 92' lang='lat' dir='ltr'>i.</span> 
     </span>
     <span class='ocr_line' id='line_1_30' title="bbox 140 2783 1194 2864; baseline 0.009 -17"><span class='ocrx_word' id='word_1_237' title='bbox 140 2783 231 2848; x_wconf 87' lang='lat' dir='ltr'>Hist.</span> <span class='ocrx_word' id='word_1_238' title='bbox 250 2806 280 2848; x_wconf 91' lang='lat' dir='ltr'>c.</span> <span class='ocrx_word' id='word_1_239' title='bbox 300 2790 330 2848; x_wconf 91' lang='lat'>6.</span> <span class='ocrx_word' id='word_1_240' title='bbox 362 2783 541 2848; x_wconf 87' lang='lat' dir='ltr'>Fatendum</span> <span class='ocrx_word' id='word_1_241' title='bbox 567 2806 640 2848; x_wconf 91' lang='lat' dir='ltr'>vero</span> <span class='ocrx_word' id='word_1_242' title='bbox 662 2795 723 2864; x_wconf 90' lang='lat' dir='ltr'>est,</span> <span class='ocrx_word' id='word_1_243' title='bbox 750 2786 783 2849; x_wconf 92' lang='lat' dir='ltr'>in</span> <span class='ocrx_word' id='word_1_244' title='bbox 810 2786 937 2850; x_wconf 93' lang='lat' dir='ltr'>nullum</span> <span class='ocrx_word' id='word_1_245' title='bbox 965 2809 1018 2850; x_wconf 92' lang='lat' dir='ltr'>me</span> <span class='ocrx_word' id='word_1_246' title='bbox 1040 2787 1194 2857; x_wconf 80' lang='lat' dir='ltr'>incidisse</span> 
     </span>
     <span class='ocr_line' id='line_1_31' title="bbox 140 2869 1193 2958; baseline 0.009 -25"><span class='ocrx_word' id='word_1_247' title='bbox 140 2869 329 2955; x_wconf 91' lang='lat' dir='ltr'>scriptorem</span> <span class='ocrx_word' id='word_1_248' title='bbox 344 2870 634 2947; x_wconf 89' lang='lat' dir='ltr'>Ante-Nicaenum,</span> <span class='ocrx_word' id='word_1_249' title='bbox 654 2871 789 2935; x_wconf 88' lang='lat' dir='ltr'>fortasse</span> <span class='ocrx_word' id='word_1_250' title='bbox 810 2886 941 2957; x_wconf 87' lang='lat' dir='ltr'>propter</span> <span class='ocrx_word' id='word_1_251' title='bbox 954 2872 1101 2958; x_wconf 86' lang='lat' dir='ltr'>epistolae</span> <span class='ocrx_word' id='word_1_252' title='bbox 1117 2876 1193 2943; x_wconf 87' lang='lat' dir='ltr'>bre·</span> 
     </span>
     <span class='ocr_line' id='line_1_32' title="bbox 139 2955 1195 3048; baseline 0.005 -30"><span class='ocrx_word' id='word_1_253' title='bbox 139 2955 282 3034; x_wconf 83' lang='lat' dir='ltr'>vitatem,</span> <span class='ocrx_word' id='word_1_254' title='bbox 311 2956 366 3041; x_wconf 91' lang='lat' dir='ltr'>qui</span> <span class='ocrx_word' id='word_1_255' title='bbox 397 2955 525 3020; x_wconf 86' lang='lat' dir='ltr'>tertiam</span> <span class='ocrx_word' id='word_1_256' title='bbox 552 2955 723 3040; x_wconf 92' lang='lat' dir='ltr'>epistolam</span> <span class='ocrx_word' id='word_1_257' title='bbox 749 2956 929 3037; x_wconf 84' lang='lat' dir='ltr'>adduxerit,</span> <span class='ocrx_word' id='word_1_258' title='bbox 956 2959 1015 3021; x_wconf 90' lang='lat' dir='ltr'>nisi</span> <span class='ocrx_word' id='word_1_259' title='bbox 1038 2960 1094 3044; x_wconf 92' lang='lat' dir='ltr'>qui</span> <span class='ocrx_word' id='word_1_260' title='bbox 1116 2976 1195 3048; x_wconf 87' lang='lat' dir='ltr'>post</span> 
     </span>
     <span class='ocr_line' id='line_1_33' title="bbox 138 3040 1193 3129; baseline 0.009 -24"><span class='ocrx_word' id='word_1_261' title='bbox 138 3040 258 3105; x_wconf 86' lang='lat' dir='ltr'>factam</span> <span class='ocrx_word' id='word_1_262' title='bbox 275 3041 473 3106; x_wconf 91' lang='lat' dir='ltr'>mentionem</span> <span class='ocrx_word' id='word_1_263' title='bbox 493 3042 574 3127; x_wconf 88' lang='lat' dir='ltr'>ejus,</span> <span class='ocrx_word' id='word_1_264' title='bbox 590 3041 639 3105; x_wconf 89' lang='lat' dir='ltr'>vel</span> <span class='ocrx_word' id='word_1_265' title='bbox 655 3044 705 3105; x_wconf 93' lang='lat' dir='ltr'>sui</span> <span class='ocrx_word' id='word_1_266' title='bbox 720 3043 832 3129; x_wconf 91' lang='lat' dir='ltr'>ipsius,</span> <span class='ocrx_word' id='word_1_267' title='bbox 847 3044 895 3108; x_wconf 91' lang='lat' dir='ltr'>vel</span> <span class='ocrx_word' id='word_1_268' title='bbox 910 3044 1049 3109; x_wconf 89' lang='lat' dir='ltr'>aliorum</span> <span class='ocrx_word' id='word_1_269' title='bbox 1061 3046 1193 3129; x_wconf 88' lang='lat' dir='ltr'>saltem,</span> 
     </span>
     <span class='ocr_line' id='line_1_34' title="bbox 136 3123 1192 3217; baseline 0.009 -27"><span class='ocrx_word' id='word_1_270' title='bbox 136 3123 372 3191; x_wconf 89' lang='lat' dir='ltr'>dubitationem</span> <span class='ocrx_word' id='word_1_271' title='bbox 393 3126 434 3191; x_wconf 91' lang='lat' dir='ltr'>de</span> <span class='ocrx_word' id='word_1_272' title='bbox 456 3127 553 3214; x_wconf 90' lang='lat' dir='ltr'>hujus</span> <span class='ocrx_word' id='word_1_273' title='bbox 572 3142 671 3213; x_wconf 89' lang='lat' dir='ltr'>atque</span> <span class='ocrx_word' id='word_1_274' title='bbox 690 3129 840 3193; x_wconf 90' lang='lat' dir='ltr'>secundae</span> <span class='ocrx_word' id='word_1_275' title='bbox 864 3130 1009 3217; x_wconf 90' lang='lat' dir='ltr'>epistolae</span> <span class='ocrx_word' id='word_1_276' title='bbox 1027 3132 1192 3217; x_wconf 67' lang='grc' dir='ltr'><strong><em>γνησιόητι</em></strong></span> 
     </span>
     <span class='ocr_line' id='line_1_35' title="bbox 138 3211 804 3278; baseline 0.003 -2"><span class='ocrx_word' id='word_1_277' title='bbox 138 3211 237 3277; x_wconf 90' lang='lat' dir='ltr'>simul</span> <span class='ocrx_word' id='word_1_278' title='bbox 257 3212 428 3278; x_wconf 90' lang='lat' dir='ltr'>addiderit.</span> <span class='ocrx_word' id='word_1_279' title='bbox 473 3213 539 3277; x_wconf 90' lang='lat' dir='ltr'>Sed</span> <span class='ocrx_word' id='word_1_280' title='bbox 551 3213 621 3277; x_wconf 85' lang='lat' dir='ltr'>haec</span> <span class='ocrx_word' id='word_1_281' title='bbox 638 3212 804 3278; x_wconf 90' lang='lat' dir='ltr'>hactenus.</span> 
     </span>
    </p>

    <p class='ocr_par' dir='ltr' id='par_1_3' title="bbox 131 3298 1191 3897">
     <span class='ocr_line' id='line_1_36' title="bbox 182 3298 1191 3386; baseline 0.011 -24"><span class='ocrx_word' id='word_1_282' title='bbox 182 3300 312 3363; x_wconf 88' lang='lat' dir='ltr'>Interea</span> <span class='ocrx_word' id='word_1_283' title='bbox 334 3303 389 3386; x_wconf 87' lang='lat' dir='ltr'>qui</span> <span class='ocrx_word' id='word_1_284' title='bbox 414 3299 460 3378; x_wconf 85' lang='lat' dir='ltr'>fit,</span> <span class='ocrx_word' id='word_1_285' title='bbox 486 3298 575 3386; x_wconf 92' lang='lat' dir='ltr'>quod</span> <span class='ocrx_word' id='word_1_286' title='bbox 598 3300 704 3385; x_wconf 85' lang='lat' dir='ltr'>magis</span> <span class='ocrx_word' id='word_1_287' title='bbox 723 3301 888 3380; x_wconf 87' lang='lat' dir='ltr'>miremur,</span> <span class='ocrx_word' id='word_1_288' title='bbox 911 3315 949 3367; x_wconf 89' lang='lat' dir='ltr'>ut</span> <span class='ocrx_word' id='word_1_289' title='bbox 972 3302 1065 3368; x_wconf 87' lang='lat' dir='ltr'>sileat</span> <span class='ocrx_word' id='word_1_290' title='bbox 1088 3304 1191 3373; x_wconf 87' lang='lat' dir='ltr'>hu&#39;us</span> 
     </span>
     <span class='ocr_line' id='line_1_37' title="bbox 136 3383 1190 3483; baseline 0.009 -34"><span class='ocrx_word' id='word_1_291' title='bbox 136 3383 310 3483; x_wconf 77' lang='lat' dir='ltr'>fragmenti</span> <span class='ocrx_word' id='word_1_292' title='bbox 320 3386 447 3449; x_wconf 91' lang='lat' dir='ltr'>Auctor</span> <span class='ocrx_word' id='word_1_293' title='bbox 459 3385 499 3449; x_wconf 91' lang='lat' dir='ltr'>de</span> <span class='ocrx_word' id='word_1_294' title='bbox 511 3385 647 3470; x_wconf 87' lang='lat' dir='ltr'>epistola</span> <span class='ocrx_word' id='word_1_295' title='bbox 661 3386 767 3470; x_wconf 88' lang='lat' dir='ltr'>priore</span> <span class='ocrx_word' id='word_1_296' title='bbox 779 3388 812 3450; x_wconf 93' lang='lat' dir='ltr'>S.</span> <span class='ocrx_word' id='word_1_297' title='bbox 825 3389 918 3466; x_wconf 89' lang='lat' dir='ltr'>Petri,</span> <span class='ocrx_word' id='word_1_298' title='bbox 931 3411 1004 3474; x_wconf 87' lang='lat' dir='ltr'>quae</span> <span class='ocrx_word' id='word_1_299' title='bbox 1019 3402 1103 3453; x_wconf 91' lang='lat' dir='ltr'>teste</span> <span class='ocrx_word' id='word_1_300' title='bbox 1148 3414 1190 3458; x_wconf 89' lang='lat' dir='ltr'>u-</span> 
     </span>
     <span class='ocr_line' id='line_1_38' title="bbox 136 3469 1191 3562; baseline -0.001 -29"><span class='ocrx_word' id='word_1_301' title='bbox 136 3469 239 3548; x_wconf 86' lang='lat' dir='ltr'>sebro,</span> <span class='ocrx_word' id='word_1_302' title='bbox 253 3484 351 3556; x_wconf 91' lang='lat' dir='ltr'>atque</span> <span class='ocrx_word' id='word_1_303' title='bbox 366 3470 438 3555; x_wconf 91' lang='lat' dir='ltr'>ipso</span> <span class='ocrx_word' id='word_1_304' title='bbox 454 3472 541 3556; x_wconf 91' lang='lat' dir='ltr'>apud</span> <span class='ocrx_word' id='word_1_305' title='bbox 556 3472 734 3537; x_wconf 91' lang='lat' dir='ltr'>Eusebium</span> <span class='ocrx_word' id='word_1_306' title='bbox 750 3473 905 3559; x_wconf 88' lang='lat' dir='ltr'>Origene,</span> <span class='ocrx_word' id='word_1_307' title='bbox 922 3479 948 3536; x_wconf 81' lang='grc' dir='ltr'>ἓν</span> <span class='ocrx_word' id='word_1_308' title='bbox 963 3478 1025 3549; x_wconf 81' lang='grc' dir='ltr'>ταῖς</span> <span class='ocrx_word' id='word_1_309' title='bbox 1041 3480 1191 3562; x_wconf 74' lang='grc' dir='ltr'>ὀμολογε.</span> 
     </span>
     <span class='ocr_line' id='line_1_39' title="bbox 132 3552 1190 3647; baseline 0.01 -30"><span class='ocrx_word' id='word_1_310' title='bbox 132 3552 229 3636; x_wconf 70' lang='lat' dir='ltr'>pirou</span> <span class='ocrx_word' id='word_1_311' title='bbox 244 3568 394 3620; x_wconf 89' lang='lat' dir='ltr'>censetur</span> <span class='ocrx_word' id='word_1_312' title='bbox 410 3556 595 3641; x_wconf 88' lang='lat' dir='ltr'>Scripturis,</span> <span class='ocrx_word' id='word_1_313' title='bbox 612 3558 689 3635; x_wconf 92' lang='lat' dir='ltr'>sive,</span> <span class='ocrx_word' id='word_1_314' title='bbox 706 3558 791 3642; x_wconf 90' lang='lat' dir='ltr'>apud</span> <span class='ocrx_word' id='word_1_315' title='bbox 807 3581 931 3639; x_wconf 91' lang='lat' dir='ltr'>omnes,</span> <span class='ocrx_word' id='word_1_316' title='bbox 947 3573 980 3624; x_wconf 88' lang='lat' dir='ltr'>et</span> <span class='ocrx_word' id='word_1_317' title='bbox 997 3582 1135 3647; x_wconf 89' lang='lat' dir='ltr'>semper,</span> <span class='ocrx_word' id='word_1_318' title='bbox 1152 3576 1190 3629; x_wconf 90' lang='lat' dir='ltr'>et</span> 
     </span>
     <span class='ocr_line' id='line_1_40' title="bbox 131 3638 1189 3740; baseline 0.012 -37"><span class='ocrx_word' id='word_1_319' title='bbox 131 3638 266 3740; x_wconf 82' lang='lat' dir='ltr'>ubique,</span> <span class='ocrx_word' id='word_1_320' title='bbox 286 3656 416 3728; x_wconf 89' lang='lat' dir='ltr'>recepta</span> <span class='ocrx_word' id='word_1_321' title='bbox 435 3641 520 3720; x_wconf 82' lang='lat' dir='ltr'>fuit3</span> <span class='ocrx_word' id='word_1_322' title='bbox 544 3663 707 3728; x_wconf 90' lang='lat' dir='ltr'>quamque</span> <span class='ocrx_word' id='word_1_323' title='bbox 730 3656 780 3707; x_wconf 91' lang='lat' dir='ltr'>tot</span> <span class='ocrx_word' id='word_1_324' title='bbox 798 3657 901 3730; x_wconf 90' lang='lat' dir='ltr'>patres</span> <span class='ocrx_word' id='word_1_325' title='bbox 921 3668 940 3710; x_wconf 93' lang='lat' dir='ltr'>a</span> <span class='ocrx_word' id='word_1_326' title='bbox 961 3646 1133 3734; x_wconf 89' lang='lat' dir='ltr'>Polycarpi</span> <span class='ocrx_word' id='word_1_327' title='bbox 1151 3662 1189 3716; x_wconf 86' lang='lat' dir='ltr'>et</span> 
     </span>
     <span class='ocr_line' id='line_1_41' title="bbox 133 3726 1185 3814; baseline 0.011 -26"><span class='ocrx_word' id='word_1_328' title='bbox 133 3726 240 3811; x_wconf 85' lang='lat' dir='ltr'>Paprae</span> <span class='ocrx_word' id='word_1_329' title='bbox 269 3747 372 3812; x_wconf 90' lang='lat' dir='ltr'>usque</span> <span class='ocrx_word' id='word_1_330' title='bbox 399 3728 600 3814; x_wconf 89' lang='lat' dir='ltr'>temporibus</span> <span class='ocrx_word' id='word_1_331' title='bbox 624 3729 657 3791; x_wconf 92' lang='lat' dir='ltr'>in</span> <span class='ocrx_word' id='word_1_332' title='bbox 685 3730 837 3814; x_wconf 89' lang='lat' dir='ltr'>operibus</span> <span class='ocrx_word' id='word_1_333' title='bbox 865 3731 930 3794; x_wconf 91' lang='lat' dir='ltr'>suis</span> <span class='ocrx_word' id='word_1_334' title='bbox 956 3731 1185 3801; x_wconf 80' lang='lat' dir='ltr'>adduxerunt?</span> 
     </span>
     <span class='ocr_line' id='line_1_42' title="bbox 131 3810 1186 3897; baseline 0.008 -21"><span class='ocrx_word' id='word_1_335' title='bbox 131 3810 214 3876; x_wconf 88' lang='lat' dir='ltr'>Rem</span> <span class='ocrx_word' id='word_1_336' title='bbox 232 3832 364 3897; x_wconf 87' lang='lat' dir='ltr'>prorsus</span> <span class='ocrx_word' id='word_1_337' title='bbox 384 3812 537 3877; x_wconf 91' lang='lat' dir='ltr'>intactam</span> <span class='ocrx_word' id='word_1_338' title='bbox 553 3826 587 3877; x_wconf 89' lang='lat' dir='ltr'>et</span> <span class='ocrx_word' id='word_1_339' title='bbox 606 3815 773 3878; x_wconf 90' lang='lat' dir='ltr'>Stoschius</span> <span class='ocrx_word' id='word_1_340' title='bbox 788 3828 822 3878; x_wconf 92' lang='lat' dir='ltr'>et</span> <span class='ocrx_word' id='word_1_341' title='bbox 836 3817 1036 3881; x_wconf 90' lang='lat' dir='ltr'>Muratorius</span> <span class='ocrx_word' id='word_1_342' title='bbox 1052 3819 1186 3886; x_wconf 90' lang='lat' dir='ltr'>silentio</span> 
     </span>
    </p>

    <p class='ocr_par' dir='ltr' id='par_1_4' title="bbox 170 3897 1183 3989">
     <span class='ocr_line' id='line_1_43' title="bbox 170 3897 1183 3989; baseline 0.01 -28"><span class='ocrx_word' id='word_1_343' title='bbox 170 3897 395 3963; x_wconf 89' lang='lat' dir='ltr'>aetermittunt.</span> <span class='ocrx_word' id='word_1_344' title='bbox 440 3900 576 3963; x_wconf 91' lang='lat' dir='ltr'>Dictum</span> <span class='ocrx_word' id='word_1_345' title='bbox 599 3901 669 3964; x_wconf 86' lang='lat' dir='ltr'>fore</span> <span class='ocrx_word' id='word_1_346' title='bbox 688 3922 706 3963; x_wconf 91' lang='lat' dir='ltr'>a</span> <span class='ocrx_word' id='word_1_347' title='bbox 728 3924 892 3988; x_wconf 89' lang='lat' dir='ltr'>quoquam</span> <span class='ocrx_word' id='word_1_348' title='bbox 912 3902 962 3966; x_wconf 87' lang='lat' dir='ltr'>vix</span> <span class='ocrx_word' id='word_1_349' title='bbox 982 3917 1106 3989; x_wconf 90' lang='lat' dir='ltr'>putem,</span> <span class='ocrx_word' id='word_1_350' title='bbox 1125 3928 1183 3971; x_wconf 90' lang='lat' dir='ltr'>ec·</span> 
     </span>
    </p>

    <p class='ocr_par' dir='ltr' id='par_1_5' title="bbox 112 3915 1180 4421">
     <span class='ocr_line' id='line_1_44' title="bbox 112 3915 1180 4090; baseline 0.011 -45"><span class='ocrx_word' id='word_1_351' title='bbox 112 3915 250 4062; x_wconf 48' lang='lat' dir='ltr'>gusia,</span> <span class='ocrx_word' id='word_1_352' title='bbox 266 3983 299 4047; x_wconf 92' lang='lat' dir='ltr'>in</span> <span class='ocrx_word' id='word_1_353' title='bbox 321 4006 386 4069; x_wconf 90' lang='lat' dir='ltr'>qua</span> <span class='ocrx_word' id='word_1_354' title='bbox 405 3984 516 4048; x_wconf 88' lang='lat' dir='ltr'>vixerit</span> <span class='ocrx_word' id='word_1_355' title='bbox 537 3985 590 4048; x_wconf 88' lang='lat' dir='ltr'>hic</span> <span class='ocrx_word' id='word_1_356' title='bbox 612 4007 794 4071; x_wconf 89' lang='lat' dir='ltr'>anonymus</span> <span class='ocrx_word' id='word_1_357' title='bbox 809 3986 850 4050; x_wconf 89' lang='lat' dir='ltr'>de</span> <span class='ocrx_word' id='word_1_358' title='bbox 866 3987 1000 4052; x_wconf 88' lang='lat' dir='ltr'>Canone</span> <span class='ocrx_word' id='word_1_359' title='bbox 1020 3991 1180 4090; x_wconf 90' lang='lat' dir='ltr'>Script0r‚</span> 
     </span>
     <span class='ocr_line' id='line_1_45' title="bbox 129 4067 1179 4155; baseline 0.011 -24"><span class='ocrx_word' id='word_1_360' title='bbox 129 4067 275 4133; x_wconf 89' lang='lat' dir='ltr'>nondum</span> <span class='ocrx_word' id='word_1_361' title='bbox 297 4069 330 4132; x_wconf 90' lang='lat' dir='ltr'>S.</span> <span class='ocrx_word' id='word_1_362' title='bbox 355 4069 439 4133; x_wconf 91' lang='lat' dir='ltr'>Petri</span> <span class='ocrx_word' id='word_1_363' title='bbox 463 4069 632 4155; x_wconf 89' lang='lat' dir='ltr'>epistolam</span> <span class='ocrx_word' id='word_1_364' title='bbox 657 4071 845 4152; x_wconf 89' lang='lat' dir='ltr'>innotuisse,</span> <span class='ocrx_word' id='word_1_365' title='bbox 866 4096 940 4139; x_wconf 90' lang='lat' dir='ltr'>nam</span> <span class='ocrx_word' id='word_1_366' title='bbox 960 4077 1069 4141; x_wconf 91' lang='lat' dir='ltr'>floruit</span> <span class='ocrx_word' id='word_1_367' title='bbox 1088 4078 1179 4145; x_wconf 87' lang='lat' dir='ltr'>rdem</span> 
     </span>
     <span class='ocr_line' id='line_1_46' title="bbox 128 4149 1178 4248; baseline 0.014 -34"><span class='ocrx_word' id='word_1_368' title='bbox 128 4149 238 4217; x_wconf 89' lang='lat' dir='ltr'>medio</span> <span class='ocrx_word' id='word_1_369' title='bbox 254 4153 374 4219; x_wconf 88' lang='lat' dir='ltr'>saeculo</span> <span class='ocrx_word' id='word_1_370' title='bbox 390 4154 544 4220; x_wconf 90' lang='lat' dir='ltr'>secundo.</span> <span class='ocrx_word' id='word_1_371' title='bbox 578 4158 638 4221; x_wconf 90' lang='lat' dir='ltr'>Ait</span> <span class='ocrx_word' id='word_1_372' title='bbox 652 4157 795 4243; x_wconf 90' lang='lat' dir='ltr'>quidem,</span> <span class='ocrx_word' id='word_1_373' title='bbox 808 4171 846 4222; x_wconf 92' lang='lat' dir='ltr'>ut</span> <span class='ocrx_word' id='word_1_374' title='bbox 860 4160 941 4224; x_wconf 92' lang='lat' dir='ltr'>mihi</span> <span class='ocrx_word' id='word_1_375' title='bbox 950 4161 1021 4248; x_wconf 91' lang='lat' dir='ltr'>jam</span> <span class='ocrx_word' id='word_1_376' title='bbox 1036 4176 1178 4242; x_wconf 90' lang='lat' dir='ltr'>constat,</span> 
     </span>
     <span class='ocr_line' id='line_1_47' title="bbox 127 4235 1175 4334; baseline 0.012 -34"><span class='ocrx_word' id='word_1_377' title='bbox 127 4235 169 4300; x_wconf 90' lang='lat' dir='ltr'>cl.</span> <span class='ocrx_word' id='word_1_378' title='bbox 183 4237 390 4305; x_wconf 84' lang='lat' dir='ltr'>Freindaller.</span> <span class='ocrx_word' id='word_1_379' title='bbox 407 4245 432 4280; x_wconf 87' lang='lat'><strong>“</strong></span> <span class='ocrx_word' id='word_1_380' title='bbox 443 4241 681 4306; x_wconf 84' lang='lat' dir='ltr'>Praetereuntur</span> <span class='ocrx_word' id='word_1_381' title='bbox 695 4242 758 4308; x_wconf 89' lang='lat' dir='ltr'>hoc</span> <span class='ocrx_word' id='word_1_382' title='bbox 773 4243 847 4310; x_wconf 91' lang='lat' dir='ltr'>loco</span> <span class='ocrx_word' id='word_1_383' title='bbox 863 4246 936 4311; x_wconf 90' lang='lat' dir='ltr'>duae</span> <span class='ocrx_word' id='word_1_384' title='bbox 953 4248 1038 4312; x_wconf 89' lang='lat' dir='ltr'>Petri</span> <span class='ocrx_word' id='word_1_385' title='bbox 1052 4248 1175 4334; x_wconf 91' lang='lat' dir='ltr'>episto·</span> 
     </span>
     <span class='ocr_line' id='line_1_48' title="bbox 127 4321 1174 4421; baseline 0.004 -30"><span class='ocrx_word' id='word_1_386' title='bbox 127 4324 150 4365; x_wconf 89' lang='lat'><strong>“</strong></span> <span class='ocrx_word' id='word_1_387' title='bbox 162 4321 216 4404; x_wconf 79' lang='lat' dir='ltr'>lte,</span> <span class='ocrx_word' id='word_1_388' title='bbox 225 4344 362 4415; x_wconf 85' lang='lat' dir='ltr'>quarum</span> <span class='ocrx_word' id='word_1_389' title='bbox 373 4325 480 4421; x_wconf 90' lang='lat' dir='ltr'>prima</span> <span class='ocrx_word' id='word_1_390' title='bbox 493 4349 534 4392; x_wconf 92' lang='lat' dir='ltr'>eo</span> <span class='ocrx_word' id='word_1_391' title='bbox 547 4350 615 4394; x_wconf 85' lang='lat' dir='ltr'>aevo</span> <span class='ocrx_word' id='word_1_392' title='bbox 625 4327 698 4414; x_wconf 86' lang='lat' dir='ltr'>jam</span> <span class='ocrx_word' id='word_1_393' title='bbox 713 4332 929 4397; x_wconf 88' lang='lat' dir='ltr'>communiter</span> <span class='ocrx_word' id='word_1_394' title='bbox 942 4347 1072 4419; x_wconf 89' lang='lat' dir='ltr'>recepta</span> <span class='ocrx_word' id='word_1_395' title='bbox 1084 4334 1174 4401; x_wconf 60' lang='lat' dir='ltr'>inve,</span> 
     </span>
    </p>
   </div>
   <div class='ocr_carea' id='block_1_3' title="bbox 0 0 1346 4740">
    <p class='ocr_par' dir='ltr' id='par_1_6' title="bbox 0 0 1346 4740">
     <span class='ocr_line' id='line_1_49' title="bbox 0 0 1346 4740; baseline 0 8"><span class='ocrx_word' id='word_1_396' title='bbox 0 0 1346 4740; x_wconf 95' lang='lat' dir='ltr'> </span> 
     </span>
    </p>
   </div>
  </div>
 </body>
</html>
