2684 4740
250 307 313 372 108
449 300 595 372 GESTA
616 302 744 373 APUD
767 299 1089 377 ZENOPHILUM.

247 472 447 559 sapientiora,
462 484 493 538 et
510 475 711 560 prudentiam
729 477 930 563 prudentiam
948 472 1122 564 reprobato.
1164 480 1211 545 Et
1227 479 1288 546 ite·

248 604 321 647 rum
347 581 451 647 dicit:
485 584 616 650 8Ροέὶιιε
645 584 821 678 dilexerant
850 585 987 652 homines
1017 587 1157 653 tenebras
1184 590 1291 678 magis

247 711 344 776 qaam
359 689 468 770 locem,
480 693 575 757 sicuti
588 707 623 758 et
634 706 671 759 tu
686 694 775 758 lacis.
799 695 942 759 Sufficiat
956 696 1046 760 vobis
1060 696 1172 763 omnia
1185 697 1289 779 scire:

246 820 344 885 super
357 801 445 886 quod
462 814 496 866 et
514 803 610 867 frater
625 803 851 868 nosterFortis
865 803 926 869 tibi
940 805 1077 892 scripsit.
1112 807 1213 871 Nunc
1228 826 1287 893 pe-

244 907 351 972 tierim
376 907 417 972 de
440 909 573 974 cantate
598 924 665 990 tua,
689 912 788 976 frater
812 912 1054 998 benignissime,
1078 925 1116 979 ut
1137 915 1293 1002 suppleas-

118 1094 122 1100 .
242 1015 369 1082 dictum
384 1018 487 1082 Esaiae
504 1018 693 1104 prophetae:
716 1018 898 1104 tEopettite
913 1020 1147 1109 malignitatem
1161 1023 1202 1089 de
1215 1023 1288 1088 orri-

240 1125 305 1191 mis
323 1127 443 1205 vestris,
466 1138 496 1192 et
515 1128 627 1209 venite,
647 1128 848 1215 disputemus,
867 1129 943 1195 dicit
958 1132 1124 1198 Dominus.
1160 1135 1205 1199 Et
1227 1134 1289 1199 ite·

242 1260 338 1304 rum:
360 1240 531 1326 uProjicite
544 1240 664 1306 malam
677 1242 715 1306 de
729 1240 827 1308 medio
843 1253 989 1307 vestram.
1034 1242 1088 1308 Sic
1108 1254 1143 1307 et
1164 1255 1203 1308 tu
1223 1244 1288 1308 fac.

240 1346 394 1435 Subjuga
412 1360 446 1412 et
463 1363 569 1415 averte
586 1350 771 1430 seditiones,
792 1375 867 1439 quae
888 1351 1060 1416 noluerunt
1082 1372 1153 1416 esse
1171 1372 1287 1439 paoem

243 1455 328 1522 inter
347 1471 380 1521 te
401 1469 433 1521 et
455 1457 557 1522 filiurn
575 1472 681 1524 tuum.
726 1461 790 1526 Sed
812 1460 895 1526 filius
916 1472 993 1525 tuus
1011 1460 1236 1526 Nundinarirrs
1254 1461 1287 1526 in

244 1586 323 1652 pace
344 1575 452 1631 tecum
476 1568 597 1632 Pascha
620 1568 774 1650 celebret,
793 1591 833 1633 ne
856 1589 908 1634 res
930 1569 972 1634 ad
993 1568 1162 1656 publicum
1183 1571 1289 1637 renim

193 1711 199 1721 ·
242 1687 411 1761 praeterea,
429 1675 499 1763 jam
523 1677 673 1742 omnibus
696 1679 790 1744 nobis
811 1689 899 1744 nota.
944 1678 1137 1764 Rogaverim
1157 1689 1203 1759 te,
1222 1679 1286 1744 fre·

242 1796 295 1849 ter
307 1785 547 1870 benignissime,
562 1788 793 1854 mediocritatis
807 1810 889 1853 meae
901 1787 1067 1874 compleas
1081 1788 1285 1874 petitionem.

243 1892 355 1957 Nemo
366 1894 478 1957 sciat.”
501 1896 584 1960 Item
601 1895 663 1961 alia
676 1897 826 1964 recitata·
843 1896 980 1962 “Fratri
993 1894 1083 1961 Forti
1098 1896 1239 1963 Sabinus
1251 1896 1285 1961 in

242 1999 388 2066 Domino
403 2015 557 2068 aeternam
571 2004 719 2070 salutem.
764 2006 850 2072 Quae
871 2005 912 2069 sit
929 2003 1045 2069 caritas
1059 2003 1158 2091 juxta
1170 2024 1283 2069 omnes

239 2112 396 2200 collegas,
408 2126 514 2179 certus
524 2137 598 2180 sum
607 2106 812 2202 peculiariter
819 2138 829 2193 3
842 2129 950 2179 tamen
962 2112 1141 2178 secundum
1152 2113 1218 2179 Dei
1230 2135 1283 2180 ro·

236 2225 413 2304 luntatem,
428 2225 508 2311 ¹qui
525 2224 616 2304 dixit,
634 2224 790 2310 Quosdm
803 2223 900 2310 diligo
912 2237 1005 2308 saper
1018 2222 1158 2288 animiam
1172 2246 1283 2303 meam,

241 2334 406 2400 Silvanum
422 2345 454 2397 te
469 2333 609 2397 coluisse
622 2344 730 2397 certus
745 2353 829 2396 sum.
851 2333 961 2417 Quare
976 2352 1041 2395 non
1055 2329 1200 2396 dubitavi
1213 2332 1284 2398 haec

133 2437 138 2447 ⁴
237 2442 361 2530 scripta
380 2443 421 2507 ad
441 2453 475 2507 te
495 2441 583 2521 dare,
598 2441 675 2528 quia
689 2439 808 2527 scripta
820 2451 877 2504 tua
887 2438 932 2503 'ad
947 2460 1024 2502 eum
1038 2438 1125 2503 facta
1137 2438 1208 2504 dari
1221 2439 1284 2506 feci

238 2565 372 2640 propter
389 2574 509 2617 nomen
526 2550 744 2628 Nundinarii3
767 2560 823 2613 yet
837 2547 894 2635 qui
906 2546 1047 2633 impigre
1062 2547 1142 2634 agit,
1157 2569 1284 2636 sempor

117 2681 121 2688 ’
240 2683 291 2727 res
314 2660 413 2726 Dei
451 2673 530 2748 petu
552 2659 708 2746 procedit.
751 2660 806 2723 Ne
830 2657 1008 2744 pretendas
1030 2656 1283 2722 excusationem.

241 2770 403 2854 Occupatr
392 2790 578 2855 rnamque
593 2791 653 2833 nos
672 2767 814 2833 diebus
805 2765 874 2831 :stis
895 2765 1036 2852 stringit,
1049 2777 1083 2829 et
1096 2765 1284 2831 incunctan-

239 2890 290 2942 r
239 2889 488 2942 commovet
508 2877 591 2940 circa
610 2877 681 2941 haec
703 2897 804 2962 usque
819 2886 893 2940 ante
908 2874 995 2938 diem
1010 2873 1283 2941 solemnissimum

241 2986 385 3063 Paschae,
401 2999 439 3050 ut
452 3006 510 3071 per
526 2998 557 3049 te
572 2985 672 3050 fiat
640 2985 851 3072 pinguissima
865 3005 938 3069 pax,
952 2995 990 3047 ut
1003 2981 1096 3068 digni
1109 2981 1283 3048 coheredes

239 3095 364 3161 Christi
377 3094 585 3174 inveniamur,
598 3094 655 3182 qui
670 3094 768 3159 dixit:
789 3096 928 3158 ΖΡαοεπι
945 3091 1098 3155 manando
1113 3089 1210 3170 noim,
1224 3106 1283 3176 por·

239 3227 304 3294 corp
323 3221 424 3269 meam
445 3203 587 3292 relinquo
603 3203 695 3269 robis.
733 3206 777 3270 Et
789 3203 905 3268 iterum
921 3212 1052 3290 petout
1066 3200 1199 3265 facias.’¹
1234 3200 1281 3267 Er

206 3373 225 3398 f
237 3314 306 3381 alio
319 3337 425 3380 monn.
448 3315 570 3401 “Opto
585 3324 618 3378 te
633 3313 666 3378 in
679 3311 827 3379 Domino
840 3310 922 3375 bene
933 3309 1038 3374 valere
1047 3319 1081 3372 et
1095 3307 1198 3373 nostri
1210 3329 1281 3373 me.-

239 3448 365 3491 morem
377 3447 458 3490 esse.
479 3424 574 3489 Vale.
597 3422 661 3488 Sed
675 3443 757 3509 rogo
770 3434 814 3500 te,
826 3440 922 3484 nemo
935 3417 1046 3482 sciat.”
1069 3415 1200 3504 Quibus
1214 3415 1281 3481 lec·

239 3533 281 3599 tis
302 3531 500 3619 Zenophilus
518 3533 562 3595 V.
578 3531 618 3596 C.
639 3528 816 3594 consularis
836 3527 937 3591 dixit:
959 3528 1004 3590 Et
1025 3525 1104 3589 actis
1126 3534 1161 3588 et
1180 3522 1281 3589 literis

237 3665 312 3730 quae
334 3641 477 3706 recitatae
498 3651 584 3718 sunt,
604 3639 791 3704 traditorem
811 3646 940 3724 constat
960 3654 1031 3699 esse
1050 3632 1229 3698 Silvanum.
1249 3643 1282 3697 et

238 3750 365 3816 Victori
381 3749 481 3814 dixit:
505 3747 699 3835 Simpliciter
716 3745 869 3811 confitere
890 3757 1000 3809 utrum
1023 3742 1105 3806 scias
1123 3762 1201 3806 eum
1221 3740 1281 3806 ali·

235 3858 319 3948 ·quid
333 3856 513 3924 tradidisse.
549 3855 665 3921 Victor
679 3854 781 3920 dixit:
802 3851 962 3931 Tradidit,
976 3850 1035 3916 sed
1050 3872 1116 3915 non
1126 3870 1183 3915 me
1193 3862 1281 3936 'prte-

239 3981 340 4034 sente.
386 3963 586 4050 Zenophilus
600 3965 643 4029 V.
657 3963 696 4027 C.
712 3961 890 4027 consularis
905 3960 1007 4025 dixit:
1030 3957 1119 4050 Quid
1140 3957 1281 4023 admini-

270 4137 453 4185 ·Joan.iii.ra.
543 4132 687 4183 ³1ra.i.1o.
700 4145 737 4184 rs.
829 4132 1015 4181 ”recenso
1113 4127 1280 4179 ¹Nereiuli.

237 4218 249 4251 Υ
260 4217 312 4280 for.
323 4217 354 4264 ei.
435 4213 591 4263 Unamxir.
605 4220 644 4268 17.
