2684 4740
312 266 316 271 ’
370 303 606 380 Arctoam
628 303 713 374 mo
735 301 951 372 omcsus.
1114 315 1185 392 31⁷·

142 473 319 556 minantur,
335 476 525 562 respondere
544 476 757 542 necessarium
778 473 948 542 videretur.
993 472 1184 542 Iutueamur

142 598 254 650 taurea
270 606 343 670 quae
365 583 429 648 sint
445 584 515 649 istae
535 579 613 672 ipsse
633 581 870 649 criminationes
887 605 960 671 quae
980 602 1000 648 a
1020 581 1184 650 malevolis

142 684 365 759 intenduntur.

191 800 296 866 Prima
314 801 369 866 illa
390 812 451 882 est,
472 801 561 889 quod
582 801 672 868 aiunt
691 819 766 868 eum
787 801 931 868 innatum
954 798 1060 868 dicere
1082 801 1185 868 filium

143 909 223 974 Dei.

191 1017 351 1097 Secunda,
367 1018 456 1105 quod
476 1017 588 1085 dicunt
606 1042 664 1107 per
683 1020 907 1108 prolationem,
922 1019 1099 1086 secundum
1113 1018 1195 1087 Va-.

143 1130 260 1205 lentini
274 1130 410 1209 fabulas,
424 1129 456 1193 in
471 1129 709 1196 subsistentiam
725 1132 844 1197 venisse
859 1131 960 1196 sirum
974 1131 1039 1195 Dei
1054 1130 1173 1195 dicere.

189 1240 310 1320 Tertia,
331 1263 404 1327 quae
426 1239 477 1306 his
498 1243 647 1306 omnibus
669 1242 760 1308 valde
779 1243 936 1308 contraria
954 1256 1013 1321 est,
1030 1240 1117 1328 quod
1132 1239 1183 1306 di·

145 1361 228 1415 cunt
252 1373 340 1430 eum,
363 1350 544 1416 secundum·
566 1353 734 1418 Artemam
762 1353 811 1418 vel
838 1352 972 1417 Paulum
1000 1353 1186 1416 samosate:

147 1482 239 1539 num,
261 1480 378 1546 purum
400 1459 577 1541 hominem,
599 1461 634 1526 id
656 1475 716 1545 est,
742 1486 805 1529 non
832 1463 928 1529 etiam
947 1463 1057 1528 Deum
1078 1461 1184 1528 dicere

129 1588 132 1593 ⁴
148 1567 318 1632 Christum
334 1569 432 1632 filium
447 1568 522 1632 Dei.

190 1689 222 1741 4.
247 1677 333 1757 Post,
355 1677 416 1742 ista
436 1691 495 1758 est,
515 1701 587 1766 quae
608 1679 677 1745 istis
694 1681 846 1747 omnibus
869 1679 1060 1759 adversatur,
1084 1683 1183 1763 (caeca

146 1784 234 1863 enim
254 1797 304 1849 est
325 1786 458 1870 malitia)
476 1788 565 1873 quod
584 1788 696 1853 dicunt
717 1811 791 1855 eum
814 1789 928 1868 dicere,
943 1791 1059 1869 δοκήσει,
1073 1790 1106 1854 id
1120 1802 1182 1869 cst,

147 1895 291 1981 putative
305 1907 442 1975 tantum,
457 1909 490 1960 et
511 1918 569 1983 per
588 1898 787 1985 allegoriam,
807 1922 871 1964 non
889 1899 984 1964 etiarn
1006 1900 1182 1965 secundum

147 2024 274 2089 eaquae
296 2025 354 2090 per
371 2004 537 2070 historiam
559 2007 751 2088 referuntur,
765 2025 858 2095 gesta
872 2032 941 2075 esse
955 2011 1063 2077 omnia
1077 2031 1184 2098 quaea

146 2113 310 2177 Salvatore
325 2125 417 2198 gesta
429 2128 514 2179 sunt.

191 2239 223 2288 5.
244 2223 319 2288 Alia
334 2246 464 2310 quoque
486 2225 665 2292 criminatio
677 2239 824 2316 ‘est,.qua
844 2242 990 2294 asserunt
1008 2250 1082 2295 eum
1101 2227 1184 2295 duos

147 2336 298 2401 Christos
312 2337 496 2422 praedicare.
531 2382 533 2385 ,
1171 2407 1173 2412 ,

185 2451 222 2521 ,6.
244 2428 381 2510 Addunt
395 2446 476 2510 illud
490 2468 620 2534 quoque
633 2446 721 2534 quod
737 2447 885 2512 historias
900 2448 1094 2534 corporales,
1110 2471 1183 2535 quae

146 2579 205 2645 per
219 2579 348 2622 omnem
361 2572 504 2623 sanctam
518 2559 714 2646 Scripturam
729 2560 909 2645 referuntur
921 2560 961 2624 dc
971 2559 1072 2647 gestis
1084 2561 1185 2624 Sanc·

146 2681 270 2745 torum,
285 2667 412 2754 penitus
428 2668 578 2754 deneget.

192 2788 224 2851 7.
247 2776 360 2841 Sedet
376 2776 417 2841 de
438 2778 667 2842 resurrectione
682 2789 894 2857 mortuorum,
908 2789 940 2842 et
956 2776 996 2842 dc
1010 2777 1183 2864 impiorum

147 2885 253 2974 poenis
269 2909 333 2950 non
347 2887 407 2951 levi
420 2887 612 2974 impugnant
632 2909 707 2952 eum
723 2878 894 2967 calumnia,
909 2889 995 2953 velut
1011 2899 1183 2973 negantem

148 2996 372 3082 peccatoribus
386 2996 550 3069 inferenda
564 3018 633 3061 esse
647 2996 813 3083 supplicia.

194 3119 224 3169 8.
246 3105 390 3171 Quidam
409 3127 481 3172 vero
504 3105 736 3192 disputationes
756 3104 826 3192 ejus
845 3104 893 3168 vel
912 3105 1090 3192 opiniones,
1105 3126 1184 3192 quas

149 3214 190 3279 de
204 3215 319 3279 animae
334 3227 420 3279 statu
439 3215 487 3279 vel
507 3215 743 3300 dispensatione
758 3215 917 3293 disseruit,
932 3216 1074 3302 culpant.

193 3344 224 3406 9.
240 3327 366 3391 Ultima
375 3348 450 3391 vero
462 3325 607 3389 omnium
621 3337 670 3388 est
681 3325 859 3388 criminatio
870 3323 934 3401 illa,
945 3345 1016 3410 quae
1029 3344 1102 3387 curn
1115 3346 1188 3389 orn·

149 3437 184 3502 ni
196 3437 402 3502 infamatione
414 3436 618 3523 dispergitur,
630 3430 895 3516 μεῖενσωμαῖῶσεως,
907 3431 940 3494 id
952 3443 1012 3509 est,
1024 3431 1111 3516 quod
1125 3432 1187 3497 hu·

150 3567 262 3611 manas
277 3546 398 3633 animas
411 3546 444 3610 in
461 3558 550 3609 muta
565 3541 724 3621 animalia,
736 3541 784 3606 vel
798 3552 970 3626 serpentes,
983 3540 1029 3604 vel
1046 3539 1185 3626 pecudes

150 3669 271 3721 asserat
290 3655 494 3720 transmutari
508 3666 583 3741 post
597 3664 747 3730 mortem,
762 3663 795 3714 ct
809 3648 895 3736 quod
910 3649 1004 3714 etiam
1021 3649 1100 3736 ipsae
1114 3673 1187 3716 mu-

149 3778 257 3830 torum
274 3763 456 3828 animalium
472 3762 586 3826 animae
601 3759 802 3824 rationabiles
817 3759 890 3822 sint.
916 3761 1023 3847 Quam
1039 3761 1187 3824 crimina·

150 3875 271 3939 tionem
283 3873 402 3938 idcirco
416 3872 616 3936 novissimam
628 3867 806 3956 posuimuS,
817 3879 853 3932 ut
865 3868 957 3954 plura
967 3869 1007 3933 de
1017 3870 1104 3934 libris
1116 3869 1186 3956 ejus

150 3983 392 4048 lcoacervantes
405 3981 551 4066 exempla
565 3978 740 4043 evidentius
756 3976 825 4062 ejus
842 3977 962 4043 falsitas
978 3993 1172 4044 nosceretur.

161 4107 166 4115 ⁴
196 4095 231 4160 Si
249 4116 329 4181 ergo
349 4095 432 4160 bene
452 4091 656 4157 meminimus
676 4081 799 4152 ordinis
814 4087 1071 4154 criminationum
1088 4112 1184 4178 quem

153 4225 249 4291 supra
263 4202 521 4289 conscripsimus,
537 4197 724 4283 incipiamus
740 4195 884 4282 aprima.

522 4339 529 4376 ¹
548 4340 641 4404 (Sermo
653 4347 689 4387 est
699 4336 816 4398 vitiosus.)
