2684 4740
216 334 279 407 230
314 316 551 383 incusum
574 315 630 379 ar
648 314 856 381 tranans
878 308 1170 381 orsuurnrro.

213 503 277 568 tur,
291 501 324 552 et
344 487 488 551 inhaeret.
532 487 624 549 Tunc
643 506 718 549 vcro
738 486 885 564 infantes,
908 486 965 572 qui
986 488 1071 550 forte
1094 506 1286 551 convene-
1310 506 1341 547 -ε

215 614 299 679 rant,
314 601 409 685 primi
431 599 464 662 in
479 600 611 661 Manem
628 598 756 682 pellere,
771 619 808 661 ac
823 599 961 683 ¹lugere
976 610 1156 683 caeperunt,
1172 620 1279 687 quo=

216 711 312 776 turba
327 712 448 796 reliqua
463 710 619 787 insecuta,
635 709 807 772 concitavit
826 730 861 771 se
880 708 921 771 ad
940 708 1163 793 effugiendum
1178 708 1275 771 Ma-
1298 730 1335 768 ..r

215 842 301 883 nem.
345 818 443 905 Quod
465 840 538 881 cum
561 817 747 901 pervidisset
768 816 960 895 Archelaus,
982 817 1106 881 elevata
1126 818 1161 881 in
1181 839 1286 881 mu—

214 928 292 993 dum
308 930 394 992 tubae
412 951 489 992 voce
511 952 578 1007 sua,
601 928 841 993 multitudinem
863 928 995 1013 cupiens
1015 929 1180 1008 cohihere,
1197 930 1336 993 citt!

215 1038 359 1116 Cessare,
376 1040 500 1101 Fratres
514 1037 634 1114 dilecti,
649 1059 689 1100 ne
709 1038 792 1102 forte
811 1037 856 1101 rei
874 1037 1037 1122 sanguinis
1054 1037 1282 1101 inveniamur
1304 1058 1330 1095 a

211 1148 244 1213 in
260 1147 313 1212 die
323 1146 454 1233 judicii;
477 1146 631 1231 scriptum
649 1162 698 1209 est
712 1146 797 1209 enim
813 1140 853 1209 de
868 1144 998 1223 talibus,
1013 1145 1092 1232 quia
1105 1144 1258 1229 ¹0p0rre;
1297 1172 1342 1199 -2

212 1267 243 1321 et
262 1256 394 1321 haereses
413 1278 475 1319 esre
500 1256 581 1319 inter
606 1278 669 1334 nor,
695 1266 730 1318 ut
757 1254 812 1341 qui
834 1252 960 1338 prolati
980 1264 1065 1332 sunt,
1089 1252 1342 1339 annoyed-1

199 1370 289 1457 finnt
304 1370 385 1433 inter
400 1391 460 1432 vor.
505 1370 548 1431 Et
569 1368 618 1431 his
640 1368 746 1446 dictis,
769 1366 888 1431 sedatae
903 1377 979 1430 sunt
993 1364 1112 1429 turbae.
1156 1366 1300 1451 Quo-

213 1480 297 1543 nianr
315 1500 388 1542 vero
403 1477 524 1563 placuit
538 1477 698 1541 Marcello
714 1475 965 1561 disputationem
979 1474 1064 1537 hanc
1079 1472 1185 1559 excipi
1199 1486 1338 1538 at--·

211 1611 274 1675 que
294 1588 442 1665 describi,
458 1586 674 1651 contradicere
690 1607 755 1649 non
770 1583 873 1669 potui,
889 1583 1028 1647 confisus
1042 1582 1086 1646 de
1100 1581 1333 1667 benigni-

210 1711 277 1764 tate
297 1697 486 1783 legentium,
501 1697 588 1783 quod
605 1696 725 1759 veniam
749 1694 882 1770 dabunt,
905 1693 932 1757 si
951 1692 1030 1778 quid
1049 1691 1320 1779 imperitum„

210 1821 269 1871 aut
283 1807 434 1871 rusticum
453 1805 580 1869 sonabit
594 1804 717 1883 orati03
741 1803 804 1866 hoc
825 1802 911 1865 enim
933 1812 1060 1866 tanturn
1083 1818 1147 1881 est,
1161 1796 1314 1891 quor-

210 1914 390 1992 studemus,
412 1928 449 1977 ut
471 1913 516 1977 rei
538 1927 639 1998 gestae
660 1911 805 1996 cognitio
820 1911 1002 1976 studiosum
1018 1932 1171 1999 quenque
1184 1933 1280 1976 nota

207 2024 319 2089 lateat.
358 2024 450 2087 Tunc
466 2044 556 2107 ergo,
571 2044 645 2086 cum
662 2022 828 2107 effugisset
843 2023 971 2101 Manes,
983 2045 1145 2109 nusquam
1156 2044 1261 2087 cum-

209 2130 327 2218 paruit.
368 2130 479 2194 Turbo
502 2151 575 2194 vero
602 2130 747 2194 minister
766 2131 929 2195 Archelao
953 2131 1134 2197 traditura
1154 2132 1254 2195 Mar-

202 2240 302 2319 -cello,
318 2262 415 2325 quem
437 2261 510 2304 cum
527 2240 710 2303 Diaconum
725 2240 904 2304 Archelaus
919 2240 1091 2320 ordinaret,
1104 2240 1136 2305 in
1151 2240 1245 2304 Mar·

207 2349 281 2413 celli
297 2349 507 2412 contubernio
522 2348 740 2433 perseveravit.
784 2350 900 2413 Manes
921 2362 1030 2414 autem
1045 2349 1171 2435 lugiens
1186 2350 1243 2414 ad·

206 2458 291 2522 venit
306 2458 347 2522 ad
363 2458 522 2544 quendam
537 2460 640 2522 vicum
657 2460 753 2544 longe
776 2460 816 2523 ab
838 2460 918 2523 urbe
940 2460 1096 2545 positum,
1114 2458 1173 2545 qui
1188 2480 1241 2544 ap·

205 2566 388 2655 pellabatur
402 2567 550 2631 Diodori.
595 2570 671 2632 Erat
690 2581 799 2632 autem
823 2569 992 2654 Presbyter
1006 2569 1070 2632 loci
1085 2567 1174 2633 illius
1188 2589 1244 2631 no·

206 2675 306 2754 mine,
320 2688 352 2740 et
366 2675 434 2761 ipse
448 2675 650 2755 yDiodorus,
667 2676 794 2762 quietus
815 2690 849 2741 et
871 2677 969 2758 mitis,
993 2677 1067 2741 fidei
1089 2698 1128 2742 ac
1149 2679 1243 2742 fame

206 2785 303 2849 bonae
317 2783 419 2862 valde,
429 2796 462 2847 et
475 2805 549 2846 cum
562 2784 698 2870 quadam
714 2785 767 2848 die
782 2787 909 2866 Manes,
922 2800 1124 2874 congregata
1138 2788 1243 2865 turba,

208 2895 486 2972 ²concionaretur,
502 2916 540 2957 ac
555 2897 723 2980 peregrina
738 2897 900 2983 quaedam,
916 2909 949 2961 et
962 2897 1066 2961 aliena
1081 2910 1246 2984 apatema

208 3001 380 3067 traditione
395 3001 529 3086 populu,
546 3003 601 3087 qui
615 3003 775 3084 adstabat,
789 3016 952 3084 assereret,
966 3006 1092 3070 nullum
1112 3007 1247 3072 omuino

207 3133 247 3175 ex
261 3109 311 3173 his
327 3108 513 3184 formidans,
531 3109 619 3195 quod
635 3110 694 3173 sibi
710 3125 819 3196 posset
834 3112 988 3176 obsistere
993 3137 1004 3192 3
1018 3113 1191 3179 Diodorus
1202 3115 1246 3179 vi·

206 3220 284 3285 dens
303 3218 455 3305 proficere
475 3217 544 3303 ejus
567 3220 752 3305 nequitiam,
769 3223 923 3288 deliberat
939 3223 1102 3289 Archelao
1115 3226 1249 3291 mittere

205 3328 387 3417 epistolam,
402 3327 620 3392 continentem
637 3329 717 3393 haec.

236 3567 250 3594 Χ
268 3565 361 3624 Fugere,
374 3572 398 3608 et
409 3564 515 3624 ffugcre,
527 3577 582 3623 pro,
593 3564 685 3624 fugare,
697 3564 723 3610 in
736 3565 821 3624 fugam
836 3563 965 3622 conjicere,
982 3579 1027 3612 suo
1043 3564 1163 3627 loquendi
1181 3556 1251 3618 more

203 3644 263 3692 dicit
273 3646 387 3704 antiquus
400 3646 522 3706 interpres.
682 3629 685 3637 ⁸

236 3728 249 3766 t
266 3725 355 3772 Nescio
371 3740 419 3786 quo
431 3735 501 3786 pacto
518 3726 654 3772 Diodorum
671 3726 739 3772 hunc
750 3725 883 3788 Tryphone
898 3737 968 3776 vocet
984 3728 1139 3790 Epiphanius
1157 3731 1186 3779 in
1201 3732 1250 3779 hac

203 3804 400 3855 Manichaeomm
413 3807 471 3852 haer.
483 3821 555 3852 num.
569 3816 607 3852 11·

237 3891 248 3919 ²
266 3887 296 3935 ln
307 3886 433 3934 Casinensi
445 3887 538 3945 codice,
550 3885 724 3933 continuaretur.

611 3999 621 4027 1
643 4009 654 4046 1
668 3997 723 4048 Cor.
734 3999 768 4045 xi.
781 4009 820 4050 19.
