2684 4740
240 303 304 369 240
337 282 575 355 Ancnsmr
598 284 653 349 m
674 283 882 351 usurus
901 281 1199 350 ursrurnrro.

240 453 362 532 cimus,
379 454 501 518 caelesti
521 476 598 518 voce
620 454 687 539 ipse
700 454 864 518 Dominus
879 455 975 518 Jesus
991 452 1144 516 Christus
1160 450 1288 530 dicens,

243 564 415 649 ³Nuuq'uid
424 563 554 648 potestis
571 564 583 608 s
587 562 680 648 filios
694 563 796 647 spousi
801 564 915 649 fecere
926 564 1086 648 jejunare,
1102 563 1201 628 donec
1215 587 1287 629 meru

243 672 317 758 ipsis
339 683 384 736 est
407 676 558 757 sponsus?
595 671 658 736 Sed
679 673 958 737 circumcisionem
974 694 1039 736 non
1052 659 1191 759 abjecit,
1205 675 1285 761 quin

239 783 349 869 potius
360 784 428 869 ipse
440 804 499 868 pro
512 783 603 845 nobis
618 783 649 845 in
663 781 865 868 semitipsum
882 804 1013 847 causam
1028 782 1286 848 circumcisionis

240 892 402 977 sexcepit,
417 890 527 954 labore
543 913 601 954 nos
622 889 775 969 relevans,
795 902 829 956 et
851 893 917 978 pati
937 913 997 955 nos
1016 891 1135 955 fnrstra
1161 891 1285 956 doloris

241 1001 363 1088 aliquid
386 1023 450 1065 non
465 1002 581 1064 sinens.
626 1000 714 1087 Quid
729 1000 816 1063 enim
832 998 963 1086 prodest
984 999 1232 1066 circumcidenti
1250 1022 1284 1065 se

241 1110 383 1198 quidem,
397 1123 429 1174 et
448 1111 597 1174 adversus
620 1109 802 1194 proximum
824 1132 920 1174 suum
942 1109 1083 1195 pessima
1096 1109 1284 1195 cogitanti?

240 1220 356 1287 Voluit
375 1234 483 1284 autem
507 1219 610 1304 magis
631 1218 821 1304 largissimae
836 1219 919 1283 hviee
934 1218 1285 1306 spatiacompendioso

242 1329 335 1394 nobis
361 1328 489 1392 tramite
516 1327 748 1407 demonstrare,
774 1350 814 1392 ne
838 1329 935 1409 forte,
957 1350 1035 1394 cum
1055 1328 1159 1415 longa
1180 1328 1286 1416 spatis

241 1438 427 1516 circuimus,
441 1450 516 1501 ante
532 1437 624 1500 nobis
648 1436 715 1500 dies
736 1436 905 1501 claudatur
925 1437 959 1501 in
980 1448 1108 1503 noctem
1119 1462 1130 1516 3
1153 1450 1189 1503 et
1203 1437 1284 1502 dum

239 1547 379 1612 ⁴deforis
398 1547 528 1633 quidem
546 1545 905 1632 splendidiihominibus
916 1546 1282 1634 apparemus,intriuse-

241 1680 298 1723 cus
313 1657 398 1743 lupis
413 1655 580 1741 rapacibus
595 1677 832 1742 comparemur,
855 1670 911 1721 aut
933 1656 1112 1743 sepulchris
1132 1657 1283 1723 confera-

241 1789 314 1831 mur
337 1765 504 1829 dealbatis.
542 1763 671 1828 iMulto
697 1764 782 1828 enim
806 1765 860 1829 ille
881 1765 957 1830 huic
978 1766 1200 1851 praelerendus
1222 1778 1282 1847 est,

241 1875 297 1962 qui
319 1885 405 1938 veste
428 1871 584 1958 squalida,
606 1895 644 1937 ac
667 1873 783 1938 detrita
803 1874 1019 1955 circundatus,
1045 1874 1125 1939 nihil
1148 1875 1230 1940 mali
1249 1875 1283 1941 in

241 1982 338 2047 corde
360 2004 419 2047 suo
442 1981 631 2046 conclusum
656 1983 772 2047 retinet
794 1983 942 2050 adversus
965 1985 1152 2071 proximum
1174 2007 1281 2050 suum.

240 2092 391 2156 kCordis
420 2091 505 2157 enim
534 2092 737 2158 circumcisio
767 2093 835 2159 sola
862 2095 998 2160 salutem
1027 2095 1156 2160 confert
1162 2118 1174 2175 3
1202 2094 1283 2161 nihil

240 2213 374 2290 praestat
388 2202 433 2266 eis
448 2203 509 2266 ista
527 2203 672 2280 carnalis,
689 2202 749 2267 nisi
763 2205 847 2269 forte
862 2204 1020 2290 spirituali
1036 2204 1281 2270 circumcisione

189 2352 191 2356 ·
239 2313 435 2378 muniantur.
481 2310 572 2376 Audi
599 2311 696 2376 etiam
730 2312 808 2399 quid
844 2314 925 2378 dicit
957 2313 1135 2399 Scriptura,
1164 2319 1179 2356 ⁵
1189 2313 1281 2378 Bectr'

241 2427 354 2492 mundo
377 2426 477 2505 corde,
499 2425 574 2512 quia
596 2425 656 2509 ipsi
672 2428 776 2490 Deum
789 2426 947 2492 videbunt.
990 2427 1081 2515 Quid
1100 2448 1183 2513 ergo
1203 2425 1279 2495 milri

239 2561 323 2626 opus
347 2549 396 2602 est
420 2537 577 2614 laborare,
598 2557 674 2600 cum
698 2535 903 2621 cognoverim
927 2534 1141 2622 lcompendia
1162 2534 1279 2614 viae‚si

241 2669 374 2736 possum
389 2645 530 2711 mundus
545 2666 613 2710 esse
628 2643 738 2724 corde,
753 2645 837 2708 sicut
858 2656 891 2709 et
911 2645 939 2708 si
960 2644 1032 2730 quis
1055 2645 1230 2730 praevaleat
1248 2643 1279 2708 in

241 2761 387 2826 ⁶duobus
407 2759 567 2824 mandatis
592 2781 725 2824 omnem
746 2759 854 2846 legem
870 2760 1016 2845 implere,
1032 2772 1065 2824 et
1081 2758 1276 2847 Prophetas?

242 2875 320 2936 Post
329 2871 401 2933 haec
412 2891 486 2933 vero
499 2869 607 2933 omnia
618 2870 734 2933 edocet
741 2870 977 2955 Apostolorum
992 2870 1153 2934 maximus
1167 2869 1277 2934 Paulus

242 2979 397 3057 mdicens,
408 2979 490 3041 ⁷Aut
499 2979 742 3063 experimentum
751 2978 895 3066 quaeritis
905 2980 982 3063 ejuS,
997 2977 1100 3065 quiin
1113 3000 1165 3042 me
1180 2977 1276 3064 loqui-

244 3101 297 3153 tur
316 3087 482 3153 Christus?
508 3087 597 3174 Quid
617 3109 697 3173 ergo
719 3089 801 3153 mihi
823 3110 905 3174 opus
928 3101 977 3152 est
997 3087 1275 3167 ”circumcisione

275 3282 285 3316 f
302 3287 331 3332 In
344 3298 421 3347 graeco
432 3293 467 3330 est
484 3280 523 3327 vlo)
541 3283 655 3341 νυμφῶνος,
664 3283 717 3345 filii
733 3283 827 3330 thalami
843 3282 957 3344 sponsalis,
974 3299 1027 3343 seu,
1045 3293 1074 3331 ut
1089 3284 1161 3332 vertit
1169 3283 1275 3345 Vulgata,

234 3367 286 3430 filii
296 3367 433 3428 nuptiarum,
445 3379 500 3426 quae
512 3363 622 3411 meliores
633 3375 691 3412 sunt
703 3365 778 3424 hujus
788 3364 834 3412 loci
843 3367 973 3412 versiones.

276 3451 288 3489 ὅ
305 3448 389 3494 Codex
402 3445 537 3503 Bobiensis,
551 3444 650 3505 suscepit.

275 3525 287 3562 h
305 3528 387 3574 Codex
398 3526 531 3583 Bobiensis,
543 3525 592 3570 viae
603 3525 773 3587 compendiosum
784 3525 843 3572 nobis
854 3525 966 3572 tramitem
978 3526 1134 3576 demonstrare·

282 3609 288 3642 ⁵
304 3608 373 3655 Idem
384 3608 471 3663 codex,
484 3604 577 3652 multum
588 3605 654 3654 enim.

278 3688 290 3720 ¹‘
310 3689 378 3736 ldem
390 3688 477 3744 codex,
495 3686 563 3733 cordis
579 3702 637 3747 ergo.
671 3687 701 3733 Et
711 3701 781 3747 mox,
792 3685 978 3748 nililpraestante
989 3685 1084 3736 carnali.
1112 3687 1144 3736 Et
1153 3686 1221 3747 inin,
1232 3701 1271 3734 mu·

244 3771 330 3818 riatur.

281 3857 289 3894 l
305 3852 374 3898 Idem
386 3850 471 3909 codex,
483 3847 630 3910 compendium
641 3847 697 3894 viee.

276 3938 295 3965 ¹¹¹
307 3935 376 3981 ldem
388 3933 474 3989 codex,
486 3929 568 3987 dicent,
580 3928 760 3992 experimentum.

277 4019 290 4046 ¹¹
307 4015 376 4062 ldem
388 4015 474 4072 codex,
486 4010 628 4058 circumcisio.

303 4129 314 4163 ³
331 4127 408 4177 Marc.
421 4128 446 4175 ii.
459 4137 498 4177 19.
594 4125 608 4157 ⁴
625 4125 686 4173 Mat.
698 4126 766 4175 xxiii.
779 4134 819 4183 27.
831 4136 855 4176 et
864 4125 906 4175 vii.
920 4136 959 4175 15.
1059 4129 1070 4165 ⁵
1083 4128 1146 4179 Ibid.
1157 4143 1181 4178 v.
1194 4139 1215 4178 s.

501 4202 514 4237 ⁶
526 4204 590 4252 Mat·
601 4205 662 4253 xxii.
678 4217 720 4256 to.
882 4209 893 4246 ⁷
906 4218 920 4255 s
932 4206 987 4255 Cor.
999 4206 1051 4258 xiii.
1062 4217 1089 4257 s.
1103 4207 1108 4217 ²
