2684 4740
163 303 1013 380 monamtarmsunnsn1srurnrro.
1050 315 1111 397 267

77 482 262 548 lordinatis
281 483 450 564 Ministris,
466 484 521 548 ²et
536 474 743 570 Presbyteris,
763 495 797 546 et
817 481 986 570 Episcopia
1004 482 1038 547 in
1057 501 1114 561 es;

76 590 262 656 describens
277 613 333 679 per
347 592 419 656 loca
432 590 571 678 singula,
584 589 761 676 quomodo,
772 601 806 654 et
820 588 957 676 qualiter
968 601 1116 676 oporteat

79 698 252 764 Ministros
264 699 341 778 Dei,
360 699 470 784 quales
493 711 527 763 et
547 699 684 786 qualiter
704 697 770 761 fieri
795 679 1014 784 Presbyteros,
1036 719 1115 784 qua-

77 806 193 892 lesque
209 827 279 871 esse
300 807 450 886 debeant,
473 807 551 893 ⁸qui
570 807 801 891 Episcopatum
820 805 1019 885 desiderant3
1041 826 1115 892 quae

80 915 192 979 omum
205 914 286 978 bene
302 916 405 993 nobis,
421 929 454 981 et
469 927 557 979 recte
571 913 737 1000 disposita,
749 934 850 998 usque
865 914 896 976 in
912 912 1116 992 hodiernum,

81 1034 202 1088 statum
218 1045 314 1088 suum
328 1023 526 1103 custodiunt,
541 1036 575 1087 et
588 1034 753 1108 permanet
767 1019 854 1107 apud
870 1042 929 1085 noa
949 1019 1047 1108 hujus
1064 1042 1115 1086 rc·

81 1129 171 1216 gulae
185 1130 362 1217 disciplina.
404 1133 501 1196 Istius
516 1152 603 1210 vero,
620 1132 676 1216 qui
689 1151 773 1195 nuuc
788 1130 880 1194 nobis
894 1151 935 1193 ex
951 1132 1117 1195 Persarum

80 1228 244 1325 provincia
258 1240 413 1320 ebullivit,
434 1242 549 1305 Manes
567 1240 709 1319 nomine,
731 1238 896 1304 adversum
918 1258 1013 1324 quem
1036 1237 1118 1302 mihi

80 1347 260 1435 disputatio
270 1350 339 1436 jam
356 1339 497 1416 secundo
512 1362 677 1414 commota
691 1362 753 1428 est,
768 1371 872 1435 genus
885 1348 976 1413 vobis
997 1349 1116 1428 dicam,

81 1468 117 1520 ct
138 1469 265 1535 totum3
288 1458 399 1523 sedet
421 1457 567 1523 doctrina
591 1457 661 1544 ejus
684 1457 771 1522 unde
793 1456 967 1522 descendat
986 1456 1117 1542 lucidis-

82 1564 165 1629 sime
177 1563 418 1631 demonstrabo.
463 1567 529 1631 Iste
545 1578 672 1630 nonest
689 1566 811 1651 primus
831 1577 945 1630 auctor
965 1563 1115 1651 hujusce-

82 1673 174 1738 modi
186 1674 352 1754 doctrinae,
368 1696 427 1740 nec
441 1676 548 1753 solus3
571 1674 628 1738 sed
641 1672 773 1760 quidam
787 1695 827 1737 ex
845 1670 991 1759 Scythia,
1015 1672 1023 1713 ¹
1036 1672 1117 1757 Scy-

79 1780 215 1865 thianus
235 1784 376 1862 nomine,
399 1781 635 1868 Apostolorum
658 1795 803 1867 tempore
825 1780 888 1844 fuit
906 1792 1002 1844 sectae
1021 1778 1118 1867 hujus

83 1898 198 1953 auctor
212 1903 245 1953 et
260 1889 417 1976 princeps,
432 1889 516 1956 aicut
530 1902 564 1955 et
578 1889 707 1954 luerunt
725 1901 759 1952 et
778 1887 871 1952 multi
888 1887 941 1952 alii
954 1899 1120 1972 apostatae,

83 1996 140 2081 qui
164 1996 321 2081 primatus
345 1997 407 2062 sibi
430 1996 589 2062 vindicare
614 1996 790 2083 cupientes,
816 1996 933 2060 mfalsa
956 2016 1016 2081 pro
1040 1996 1120 2060 veris

83 2104 355 2191 conscripserunt,
378 2105 588 2192 simpliciores
610 2127 757 2191 quosque
779 2103 820 2168 sd
841 2125 931 2168 suam
954 2101 1119 2168 libidinem

83 2225 313 2298 pervertentes,
340 2237 477 2301 quorum
504 2214 646 2293 nomina,
675 2225 709 2279 et
733 2211 878 2299 perfidias
906 2210 1012 2274 dicere
1034 2232 1120 2275 nunc
1154 2192 1159 2200 ⁸

83 2333 213 2406 tempus
228 2345 293 2386 non
308 2323 392 2387 sinit.
436 2323 502 2387 Hic
516 2344 596 2408 ergo
611 2321 805 2409 Scythianua
820 2320 1010 2385 dualitatem
1025 2319 1137 2397 istam,

81 2441 103 2509 Ρ
112 2428 288 2495 introducit
301 2430 493 2496 contrariam
508 2431 579 2508 sibi,
595 2428 685 2516 quod
697 2429 766 2515 ipse
779 2451 798 2494 s
813 2427 999 2515 Pythagora
1012 2448 1119 2492 suace-

86 2535 146 2622 pit,
171 2539 254 2603 sicut
277 2552 311 2604 et
334 2540 389 2604 alii
414 2560 526 2604 omnes
549 2537 646 2626 hujus
670 2536 831 2624 dogmatis
854 2548 1040 2615 sectatores,
1065 2536 1121 2620 qui

87 2669 202 2714 omnes
217 2648 404 2714 dualitatem
420 2647 607 2725 defendunt,
626 2645 822 2711 declinantes
842 2645 1016 2731 Scriptura
1036 2642 1120 2708 viam

87 2755 261 2836 directam3
284 2757 338 2821 sed
350 2780 409 2821 noa
424 2756 457 2820 in
471 2754 607 2840 amplius
619 2752 792 2838 proficient.

128 2866 205 2929 LII.
225 2866 345 2930 Nullus
359 2878 467 2931 tamen
486 2864 532 2928 ita
550 2860 754 2949 impudenter
770 2859 936 2947 praevaluit
958 2860 1042 2958 sicut
1062 2861 1122 2928 iste

118 3053 133 3092 ἒ
144 3055 222 3103 locus
234 3055 354 3103 notandus
365 3056 394 3102 de
406 3056 554 3103 Hierarchiae
562 3052 736 3101 Ecclesiasticae
744 3051 827 3099 ordine
835 3051 867 3098 ab
874 3049 995 3113 Apostolis
1005 3049 1123 3099 instituto.

87 3134 217 3197 Episcopus
231 3144 324 3193 autem,
336 3135 495 3196 Presbyteros,
506 3144 530 3181 et
539 3133 664 3181 Ministraa
672 3140 770 3178 tantum
781 3131 893 3178 nomluat
902 3129 1046 3189 Archelaus,
1057 3130 1124 3191 quod

86 3215 266 3273 Ministrorum,
283 3217 331 3263 hoc
346 3224 391 3271 est,
408 3215 574 3262 Diaconcrutn
591 3211 692 3260 nornine
708 3224 794 3258 ornnes
805 3210 867 3257 inira
877 3209 1069 3272 Presbyteratum
1085 3224 1124 3257 or·

88 3296 158 3343 dines
173 3296 334 3357 antiquissimi
353 3295 432 3342 Patres
450 3293 654 3355 comprehendere
671 3290 856 3338 consueverint:
873 3291 907 3338 ita
922 3290 1037 3338 Clemens
1047 3289 1123 3338 Alex·

87 3375 204 3423 audrinus
215 3375 258 3423 lib.
268 3382 293 3423 6.
325 3375 476 3422 stromatum
491 3387 546 3435 pag.
558 3378 613 3426 6⁶7.
645 3369 811 3418 Tertullianus
826 3370 857 3417 de
874 3369 997 3430 Baptismo
1016 3382 1070 3431 cap.
1083 3377 1124 3426 17.

86 3454 204 3517 Origenes
224 3455 313 3504 homil.
332 3465 356 3502 a.
375 3456 401 3501 in
421 3453 531 3502 Hieram.
549 3459 574 3500 et
590 3450 616 3497 in
636 3449 747 3496 Matthaei
765 3447 1123 3510 cap.19.pag.ufiu.ettlibi

85 3549 185 3598 passim

117 3615 125 3648 ¹
146 3616 197 3664 Oui
207 3615 339 3680 Syrticus
349 3616 413 3677 apud
428 3627 515 3663 omnes
529 3611 589 3660 alios
603 3618 704 3669 veteres,
721 3610 765 3670 qui
780 3610 811 3657 de
825 3608 1021 3658 Manichaomm
1037 3609 1124 3660 haren

87 3705 229 3753 tractarunt,
240 3696 383 3758 appellatur,
395 3705 444 3742 tarn
457 3695 507 3751 hic,
518 3705 595 3753 quam
606 3691 633 3738 in
641 3689 798 3750 sequentibus
809 3689 908 3737 aveteri
917 3689 1054 3750 interprete,
1065 3689 1123 3738 acu·

87 3777 170 3835 aaut,
181 3786 206 3824 et
219 3775 357 3824 Excutiam
366 3784 477 3832 vocatur,
488 3773 536 3821 nisi
547 3772 639 3832 ubique
649 3769 753 3831 imperiti
764 3768 854 3817 librarii
864 3768 896 3818 sit
905 3783 978 3818 error.
998 3769 1028 3817 ln
1039 3769 1123 3816 codiee

86 3858 229 3921 MS.chio
239 3858 405 3906 Alexandrino
416 3856 471 3903 Vat.
482 3855 583 3916 legitate
602 3850 699 3900 anim
714 3847 833 3898 Suam
848 3849 942 3909 mins,
958 3848 1000 3914 qai
1008 3847 1121 3912 Aponus

88 3953 146 3994 ran,
157 3947 205 3986 cet.
236 3937 277 3984 Sic
288 3937 349 3984 inita
359 3948 455 3996 semper
464 3931 594 3981 Statium
603 3938 683 3977 vocat.

118 4026 143 4056 ¹¹¹
157 4017 221 4066 Coti.
231 4016 321 4078 Regius
331 4015 403 4063 Alex.
412 4010 540 4075 Vaasalsa
546 4021 589 4074 pre
601 4008 663 4057 nnis
673 4005 834 4069 confinxerant.

124 4102 144 4145 ²¹.
154 4097 240 4147 Codex
248 4096 315 4144 idem
324 4094 380 4143 Vat.
391 4090 523 4140 introdusit.

216 4196 294 4249 ‘Aet
305 4194 503 4260 apostatum.
729 4186 891 4238 hvmili.
904 4193 995 4235 neta.
