2684 4740
187 309 425 379 ARCHELAI
445 310 502 375 ET
523 306 730 373 MANE'llS
748 302 1039 370 DlSPUTATlO.
1076 321 1137 370 201

97 494 226 548 serrare
237 480 470 558 hoereditatem,
487 494 520 545 et
535 477 709 556 custodire,
731 499 766 541 ac
787 498 897 562 regere
917 474 1139 556 substantiam,

99 592 188 656 sieut
206 603 421 677 susceperant,
443 602 477 653 et
498 589 619 675 perfrui
639 588 732 651 bonis
752 601 785 652 et
806 587 975 664 fructibus,
996 586 1056 671 ipsi
1079 585 1140 650 do-

101 701 184 764 mini
210 699 419 786 heredesque
446 698 602 763 derelicti.
648 698 682 761 Si
704 696 760 782 qui
784 718 857 759 vero
882 702 924 759 ex
948 696 1018 780 agri
1045 695 1142 783 hujus

103 807 267 872 fructibus
286 809 450 893 percipere
470 817 610 892 rogaret,
626 805 833 891 indulgenter
847 805 1046 890 praeberent3
1069 806 1143 870 ⁰sin

102 937 216 980 aurem
229 916 430 980 cohaeredem
445 938 479 979 se
490 916 611 993 dicens,
622 926 821 999 exposceret,
837 914 1031 991 devitarent3
1047 928 1145 1001 atque

101 1027 246 1092 alienum
272 1049 343 1091 esse
374 1027 634 1113 pronunciarent,
662 1048 744 1111 opus
772 1038 880 1088 autem
908 1024 1010 1108 magis
1040 1026 1145 1089 facere

103 1141 223 1206 debere
238 1164 327 1220 eum,
340 1143 395 1228 qui
411 1141 510 1227 recipi
525 1141 609 1205 velit.
643 1139 820 1227 Quomodo
836 1159 916 1223 ergo
931 1137 981 1201 his
995 1138 1145 1202 omnibus

105 1250 204 1329 bene,
219 1262 370 1340 reeteque
389 1250 550 1335 dispositis
570 1263 604 1313 et
621 1249 761 1325 statutis,
779 1269 817 1311 ae
839 1247 979 1332 plurimo
1001 1259 1146 1334 tempore

104 1359 140 1422 in
161 1379 201 1422 eo
220 1371 308 1422 statu
327 1358 614 1443 perseverantibus,
635 1380 709 1422 eum
731 1357 786 1443 qui
808 1368 881 1441 post
902 1371 1061 1421 trecentos
1079 1357 1146 1421 fere

104 1489 208 1530 annos
221 1467 355 1545 venerit,
369 1481 401 1531 et
416 1467 576 1531 haeredem
591 1489 660 1531 esse
675 1488 709 1530 se
727 1465 907 1543 confirmet,
928 1488 992 1528 non
1015 1465 1146 1551 abjicie-

106 1597 193 1654 mus,
215 1596 280 1638 non
295 1574 385 1663 juste
407 1576 546 1640 alienum
569 1575 833 1662 pronunciamus,
853 1574 909 1659 qui
930 1596 989 1638 nec
1010 1574 1049 1637 de
1070 1596 1147 1659 pro-

106 1683 238 1771 pinquis
253 1707 289 1748 se
303 1707 374 1750 esse
388 1685 540 1763 ostendit,
553 1686 608 1771 qui
622 1684 776 1748 defuncto
792 1695 902 1746 nostro
922 1705 986 1746 non
1008 1682 1148 1748 adiuerit

107 1793 294 1878 aegrotanti,
316 1796 373 1880 qui
396 1795 429 1857 in
450 1794 600 1880 exequias
614 1816 678 1856 non
693 1793 765 1856 ierit
780 1791 955 1869 Crucifixo,
970 1791 1026 1876 qui
1041 1791 1148 1876 sepul-

106 1900 188 1965 chro
210 1923 277 1965 non
303 1902 473 1981 adstiterit,
500 1903 555 1989 qui
582 1902 714 1966 omnino
740 1901 871 1980 nesciat,
893 1901 1070 1986 quomodo,
1092 1911 1149 1966 aut

106 2009 246 2093 qualiter
266 2009 438 2075 defunctus
460 2024 521 2088 est,
545 2012 600 2096 qui
624 2011 762 2097 deniqne
786 2010 971 2074 thesaurum
996 2009 1149 2075 frumenti

107 2117 238 2203 ingredi
257 2119 380 2204 cupiat,
401 2119 490 2184 nullo
511 2120 629 2184 indicio
651 2120 759 2184 delato
781 2120 823 2182 ab
846 2141 897 2197 eo,
919 2119 975 2206 qui
996 2120 1149 2206 obsigna·

106 2229 210 2294 veriti
238 2231 358 2296 Nonne
377 2253 465 2310 eum,
487 2244 638 2317 tanquam
660 2230 816 2294 latronem
838 2242 872 2293 et
892 2229 996 2294 furem
1018 2229 1150 2315 abjicie-

106 2359 194 2418 mus,
209 2360 248 2403 ac
267 2339 372 2403 modis
393 2340 545 2405 omnibus
566 2339 782 2424 expellemus?
817 2339 901 2401 Haec
923 2338 1023 2422 igitur
1046 2337 1149 2424 signo,

107 2468 184 2532 quae
198 2446 232 2510 in
248 2447 410 2531 praedietis
425 2447 729 2534 comprehendimus
745 2445 912 2532 exemplis,
928 2447 987 2510 iste
1007 2468 1072 2510 non
1092 2446 1155 2510 de-·

106 2557 215 2622 ferens
234 2557 336 2636 adest,
355 2558 464 2623 dicens
479 2581 513 2623 se
529 2581 599 2624 esse
616 2557 819 2637 Paraclitum‚
843 2556 898 2644 qui
919 2557 958 2620 ab
973 2557 1050 2620 Jesu
1065 2578 1148 2642 prae-

107 2666 257 2752 signatus
279 2679 329 2731 est
349 2658 454 2747 mitti,
467 2669 501 2731 in
522 2691 588 2755 quo
603 2666 827 2744 Pmendacem,
850 2666 1000 2750 ignorans
1015 2665 1153 2730 fortasse·

105 2787 229 2840 asseret
242 2776 377 2854 Jesum3
400 2777 457 2863 qui
471 2777 557 2840 enim
571 2777 696 2841 dixerat
710 2797 744 2838 se
760 2797 825 2838 non
847 2774 952 2837 multo
973 2784 1047 2859 post
1069 2771 1147 2837 mis-

105 2906 220 2950 surum
244 2905 314 2949 esse
337 2884 541 2964 Paraclitum‚
564 2885 721 2949 invenitur
742 2893 842 2969 upost
863 2894 1034 2958 trecentos,
1056 2893 1090 2946 et
1110 2900 1152 2946 eo

105 2991 249 3078 amplius
269 3013 368 3056 annos
390 2992 514 3056 misisse
535 2991 636 3070 hunc,
656 2994 738 3055 sicut
758 2990 827 3075 ipse
846 2988 907 3053 sibi
928 2987 1149 3053 testimonium

137 3185 153 3209 ⁸
167 3176 220 3223 Aut
229 3175 292 3223 nihil
302 3177 382 3234 video,
394 3187 437 3224 aut
448 3178 482 3224 ita
492 3177 653 3224 restituendus
669 3186 706 3224 est
721 3176 762 3222 hic
778 3175 847 3222 loeus
862 3172 990 3221 manifeste
1005 3180 1149 3234 corruptus3

104 3268 169 3303 mm
179 3257 207 3303 in
215 3257 299 3304 codice
310 3257 343 3304 ita
353 3257 471 3304 scribitur.
498 3257 541 3304 Sin
550 3266 625 3302 autem
635 3255 746 3303 conderem
757 3273 779 3301 se
789 3255 871 3310 dicens,
881 3264 1011 3315 exposceret,
1023 3252 1151 3299 devitarent

100 3335 219 3401 persequi,
231 3335 329 3383 alienam
339 3354 382 3384 erse
390 3335 555 3399 pronunciaret.

140 3417 226 3464 ’Hoc
241 3419 328 3465 eodem
346 3428 491 3480 argumento
510 3419 622 3465 adversus
642 3417 803 3464 Montanistas
823 3415 899 3461 utitur
914 3414 1056 3461 Theodorus
1072 3415 1151 3464 Hera·

104 3496 189 3544 cleota
199 3497 226 3544 in
236 3511 291 3559 cap.
305 3507 344 3544 14.
361 3497 453 3559 Evang.
464 3498 536 3545 Joan.
546 3511 607 3544 vers.
621 3506 659 3550 17.
670 3510 730 3543 curn
741 3495 830 3556 inquit,
841 3494 901 3540 Nam
912 3493 932 3539 si
942 3492 988 3539 illis
999 3511 1041 3541 nan
1054 3494 1150 3558 diligan-

104 3577 169 3624 tibus
178 3568 256 3638 islam,
273 3577 312 3623 sed
325 3587 348 3623 et
360 3586 403 3638 pro
418 3579 466 3624 Deo
482 3588 572 3624 mortem
587 3576 749 3639 appetentibus,
767 3591 807 3621 non
824 3574 927 3630 misisset,
941 3592 1005 3639 quem
1018 3576 1151 3637 promiserat

104 3657 260 3715 Parasitum,
271 3658 387 3705 secundam
395 3658 542 3722 Phrygiarum
553 3657 697 3720 impietatem,
710 3656 846 3702 mendacium
858 3655 882 3701 irs
894 3655 1030 3717 Evangeliis
1044 3657 1151 3718 reperire·

105 3750 156 3788 tur·
190 3739 256 3787 aava
264 3739 284 3785 si
294 3755 359 3796 vero,
375 3755 424 3786 enm
440 3739 470 3785 rit
486 3739 534 3801 ipra
550 3738 646 3795 veritas,
662 3738 748 3785 miserit
764 3737 793 3783 iis
808 3737 921 3798 Spiritum
937 3737 1054 3795 Sanctum,
1071 3748 1150 3785 temere

104 3820 202 3867 errando
212 3820 412 3877 comminiscantur,
424 3820 517 3866 dieentes
523 3829 567 3881 per
577 3819 721 3877 Montanum,
732 3829 754 3865 et
762 3817 891 3872 Priscillam
899 3817 988 3864 missum
996 3834 1039 3865 esse
1046 3817 1152 3866 Paracli-

104 3911 157 3950 rum
163 3911 214 3964 pert
224 3901 324 3949 daenes
336 3911 358 3948 rt
368 3900 465 3962 triginta
475 3917 542 3947 mines
553 3900 582 3946 ab
589 3899 717 3962 Apostolica
724 3899 803 3961 gratia
812 3910 940 3947 transactor.

144 3982 333 4030 reomensionis
344 3990 406 4029 aeatu
417 3991 486 4029 actus
496 3983 593 4030 videtur
603 3982 644 4028 hic
655 3983 745 4028 dixisse
758 3980 904 4041 Archelaus,
921 3993 974 4046 post
990 3993 1109 4034 necentos
1125 3995 1150 4034 et

103 4062 216 4125 amplius
231 4077 309 4111 annos
320 4062 435 4111 achristi
446 4072 551 4111 mortem
563 4065 699 4120 Manetem,
711 4064 852 4111 emersisse:
871 4080 930 4114 nam
941 4081 956 4114 a
966 4066 1055 4114 Christi
1072 4078 1151 4118 morte

102 4145 225 4206 usquead
233 4143 323 4192 habita
334 4157 393 4192 cuin
401 4145 501 4193 Manete
510 4144 677 4206 disputationis
689 4154 797 4205 tempus,
809 4147 867 4195 enni
875 4147 968 4195 circiter
979 4145 1068 4195 ccxlix.
1077 4148 1152 4198 inter·

103 4226 207 4274 cedam.
240 4224 303 4272 vite
313 4225 480 4286 prefationem
492 4235 600 4273 nostram
612 4225 639 4273 in
646 4223 776 4272 Archelao.
