2684 4740
166 296 228 345 112
363 280 512 348 GESTA
533 282 661 351 APUD
682 282 1004 355 ZENOPHILUM.

163 447 288 513 dinatio
305 462 341 515 et
357 450 484 517 Victori
505 453 607 521 dixit:
631 456 728 520 Scitis
739 471 892 544 acceptos
905 478 977 523 esse
989 457 1084 525 folles
1098 479 1120 522 a
1131 458 1206 525 Lu-

161 558 258 624 cilla?
286 561 476 626 Saturninus
490 576 525 626 et
538 562 654 628 Victor
666 564 836 630 dixerunt:
856 567 995 632 Scimus.
1031 567 1206 654 Zenophi-

161 669 214 735 lus
237 671 281 735 V.
302 670 344 736 C.
369 672 545 736 consularis
569 672 673 738 dixit:
706 674 864 761 Pauperes
892 697 958 741 nou
982 679 1205 763 accepemut?

161 779 323 846 Dixerunt
336 805 346 845 ε
368 782 478 847 Nemo
493 781 572 847 nihil
584 783 722 869 accepit.
757 784 958 872 Zenophilus
970 787 1015 851 V.
1028 785 1069 851 C.
1082 806 1206 851 cousu-

160 891 236 956 laris
251 891 423 956 Saturnino
433 905 468 956 et
477 892 603 957 Victori
618 892 715 960 dixit:
729 895 824 960 Nihil
838 896 880 961 de
893 897 969 962 fauo
981 899 1112 984 Serapis
1124 899 1206 964 sub·

161 997 264 1064 latum
278 1002 348 1063 esti
379 999 570 1064 Saturninus
584 1013 618 1066 et
632 1000 746 1066 Victor
759 1002 930 1069 dixerunt:
953 1005 1130 1092 Purpurius
1148 1017 1206 1072 tu·

161 1108 201 1174 lit
220 1131 331 1195 cupas,
350 1121 386 1173 et
410 1108 556 1172 Silvanus
579 1109 751 1196 episeopus
772 1123 806 1176 et
826 1112 969 1178 Dontius
989 1126 1024 1178 et
1045 1113 1206 1200 Superius

134 1259 148 1277 ,
162 1219 341 1305 presbyteri
356 1230 389 1282 et
409 1218 570 1283 Lucianus
583 1218 738 1284 ἂίαοοηυε
751 1220 896 1286 tulerunt
913 1233 1054 1287 acetum.
1093 1223 1207 1289 Zeuo·

162 1327 270 1415 philus
283 1328 325 1392 V.
338 1328 378 1393 C.
391 1327 567 1392 consularis
581 1327 681 1392 dixit:
699 1329 920 1417 Responsioue
933 1329 1078 1396 wctoris
1091 1351 1207 1418 gram·

160 1439 272 1506 matici
286 1452 319 1504 et
333 1439 475 1503 Victoris
495 1438 667 1503 Samsurici
685 1451 718 1503 et
738 1433 902 1504 Saturnini
915 1438 1033 1504 claruit
1044 1460 1121 1505 vera
1133 1458 1208 1507 esse

161 1551 272 1616 omnia
285 1573 358 1638 qua:
373 1549 539 1636 suggessit
556 1549 789 1615 Nundinarius.
826 1550 1087 1615 submoveantur
1100 1562 1137 1617 et
1150 1572 1208 1617 exa

161 1673 247 1725 eant.
284 1659 483 1745 Zenophilus
497 1659 541 1723 V.
553 1658 593 1722 C.
607 1658 785 1722 consularis
799 1658 901 1724 dixit:
924 1660 1022 1725 Quos
1039 1658 1126 1725 alios
1144 1682 1207 1748 pu·

160 1782 211 1834 tas
224 1768 490 1854 interrogandos?
512 1767 734 1833 Nundiuarius
750 1767 844 1832 dixit:
863 1767 1000 1833 Castum
1015 1766 1205 1850 diaconumt
1232 1755 1238 1762 ’

161 1889 200 1941 ut
212 1875 300 1941 dicat
314 1877 341 1941 si
356 1896 421 1940 non
434 1887 484 1939 est
497 1875 644 1940 traditor.
680 1877 755 1962 Ipse
772 1876 866 1942 illum
886 1876 1055 1942 ordinavit.
1093 1878 1140 1943 Et
1154 1878 1209 1943 in-

160 1983 262 2050 ducto
280 1999 314 2049 et
334 1983 488 2071 applicito
509 1983 610 2050 Casto
629 1985 776 2066 diacone,
792 1987 994 2074 Zenophilus
1006 1987 1052 2051 V.
1066 1986 1110 2054 C.
1124 2009 1206 2055 oon·

160 2093 274 2159 sularis
293 2093 395 2158 dixit:
419 2093 503 2157 Quis
521 2092 666 2158 vocaris?
697 2093 897 2182 Respondit:
923 2094 1054 2161 Castus.
1094 2098 1205 2163 Zeno·-

161 2203 269 2290 philus
279 2204 323 2269 V.
335 2202 376 2268 C.
389 2201 566 2267 consularis
583 2200 685 2266 Casto
698 2200 796 2267 dixit:
818 2202 923 2290 Cujus
938 2203 1135 2271 conditionis
1149 2210 1203 2273 esi

163 2310 281 2377 Castus
297 2311 397 2375 dixit:
420 2307 556 2374 Nullam
577 2307 769 2393 dignitatem
790 2309 907 2375 habeo.
944 2313 1149 2400 Zenophilus
1162 2317 1204 2381 V.

161 2421 201 2486 C.
213 2420 388 2486 consularis
400 2418 502 2483 Casto
517 2417 613 2482 dixit:
629 2416 723 2482 Licet
736 2441 821 2483 nunc
835 2441 894 2505 per
904 2421 1076 2486 Victorem
1091 2414 1204 2508 gram·

160 2530 327 2610 maticum‚
339 2551 437 2617 quam
452 2527 549 2592 etiam
563 2547 622 2613 per
633 2526 802 2591 Victorem
818 2529 992 2594 Samsurici
1006 2543 1040 2595 et
1055 2532 1204 2598 Saturni,

158 2661 238 2705 num
260 2650 413 2704 venerunt
432 2638 464 2701 in
484 2635 719 2701 confessionem
739 2659 813 2723 quae
830 2639 1054 2704 Nundinarius
1074 2640 1204 2729 objicit,

159 2763 268 2817 tamen
279 2752 377 2815 etiam
391 2762 430 2816 tu
444 2749 596 2813 confitere
607 2761 717 2813 utrum
734 2748 869 2813 traditor
881 2750 924 2814 sit
937 2749 1097 2815 Silvanus.
1120 2751 1205 2826 Cas·

93 2850 102 2866 ⁰
128 2941 132 2947 1
157 2876 212 2927 tus
219 2860 415 2947 respondit:
438 2857 581 2923 Dicebat
594 2858 683 2943 quod
700 2857 854 2923 invenerit
871 2859 1036 2924 lucernam
1055 2872 1206 2946 postor.

158 2996 243 3040 cam.
282 2969 482 3057 Zenophilus
497 2971 541 3033 V.
554 2967 594 3033 C.
609 2969 785 3035 consularis
799 2970 880 3035 dixit
897 2969 1017 3036 Casto:
1037 2970 1151 3037 Etiam
1166 2971 1208 3037 de

159 3082 251 3170 cupis
266 3082 307 3146 de
322 3082 398 3145 fano
413 3078 540 3165 Serapis
559 3078 692 3143 sublatis
712 3090 746 3143 et
766 3091 858 3144 aceto
878 3079 1043 3144 confitere.
1084 3079 1207 3145 Castm

158 3190 345 3278 respondit:
370 3186 546 3275 Purpurius
566 3185 737 3273 episcopus
755 3187 831 3252 tulit
851 3208 963 3273 cupas.
1000 3187 1207 3274 Zenophilus

159 3301 205 3365 V.
217 3300 257 3364 C.
274 3297 450 3364 consularis
472 3295 572 3360 dixit:
595 3295 736 3359 Acetum
756 3294 848 3381 quis?
862 3287 1061 3381 ‘Respondit
1085 3295 1206 3361 Castus

158 3408 248 3494 quod
262 3407 406 3472 tulerunt
418 3405 493 3469 iude
507 3416 635 3468 acetum
650 3401 796 3466 Silvanus
811 3401 995 3488 episcopus,
1009 3401 1159 3468 Dontius
1173 3414 1207 3467 et

159 3516 312 3602 Superius
333 3513 524 3602 presbyteri.
561 3511 760 3596 Zenophilus
778 3513 820 3575 V.
837 3512 878 3576 C.
901 3511 1081 3576 consularis
1101 3512 1206 3579 Casto

159 3624 257 3690 dixit:
282 3623 444 3688 Confitere
457 3634 539 3709 quot
557 3619 650 3684 folles
664 3618 754 3682 dedit
768 3619 885 3683 Victor
902 3630 940 3684 ut
961 3619 1136 3707 presbyter
1149 3621 1206 3685 fie-

158 3736 230 3798 ret?
268 3733 385 3798 Castus
407 3731 507 3796 dixit:
534 3727 676 3805 Obtulit,
698 3725 851 3805 Domine,
875 3725 1043 3805 sacellum,
1067 3740 1102 3792 et
1126 3728 1208 3815 quid

158 3841 320 3921 babuerit,
335 3840 453 3905 nescio.
477 3835 678 3923 Zenophilus
687 3836 731 3901 V.
744 3835 785 3899 C.
797 3835 974 3899 consularis
987 3835 1207 3903 Custo’dixit:

161 3952 225 4017 Cui
240 3952 351 4017 datum
372 3962 422 4014 est
441 3947 619 4023 sacellum?⁴
649 3944 766 4008 Castus
781 3943 885 4008 dixit:
909 3944 971 4008 Illo
987 3943 1062 4008 tulit
1077 3965 1156 4010 eum
1172 3946 1209 4012 iu

158 4084 232 4128 casa
253 4060 386 4147 majore.
426 4054 626 4141 Zenophilus
645 4055 689 4119 V.
707 4054 746 4119 C.
769 4052 945 4117 consularis
969 4051 1072 4117 Casto
1099 4052 1206 4122 dixit:

159 4171 284 4257 Populo
306 4177 442 4232 nonest
463 4163 564 4229 divisa
581 4162 737 4249 pecunia?
769 4159 887 4242 Castus
907 4160 1097 4248 respondit:
1124 4165 1209 4230 Nou

157 4290 208 4345 est
232 4278 319 4357 data,
343 4298 403 4342 uec
427 4273 504 4342 vidi.
548 4269 746 4386 Zenophilus
767 4270 812 4338 V.
827 4268 870 4336 C.
895 4268 1071 4337 consularis
1099 4269 1210 4339 Casto
