2684 4740
408 838 788 949 aaaronr

579 1069 625 1151 S.

496 1351 715 1404 -4-

237 1495 248 1521 .

80 1553 278 1662 HABES
293 1615 375 1665 sero
392 1589 556 1679 fortasse,
575 1588 721 1680 Lector,
739 1587 804 1663 sed
822 1614 933 1687 quam
950 1588 1055 1688 potui
1072 1587 1130 1662 in·

80 1713 385 1803 structissimum,
406 1711 585 1785 Ludovici
617 1712 814 1786 Muratorii
843 1714 963 1810 εὕρημα,
987 1711 1034 1785 ad
1061 1711 1133 1784 Ca·

84 1861 223 1908 nonem
254 1836 353 1909 Novi
384 1835 612 1908 Testamenti
642 1837 844 1934 pertinens,
874 1835 1130 1936 imperfectum

83 1956 236 2054 quidem
268 1960 339 2031 hoc
366 1972 404 2032 et
430 1965 602 2049 ἀδέσποτον,
630 1961 764 2059 magni,
785 1974 909 2034 tamen
941 1959 1135 2052 momenti,

85 2083 226 2180 quippe
255 2083 355 2180 quod
385 2083 497 2156 libros
530 2109 649 2157 sacros
677 2085 900 2159 indicaverat
926 2084 1056 2158 ordine
1086 2084 1137 2157 si-

88 2206 168 2278 mui
196 2206 394 2279 recensitos
420 2207 531 2279 etiam
554 2219 640 2280 ante
665 2208 765 2280 illam
790 2209 963 2308 Origenis
985 2232 1137 2281 enume-

89 2328 282 2402 rationem.
338 2330 386 2402 In
412 2329 452 2403 id
482 2345 591 2428 porro
619 2359 765 2407 summa
791 2360 879 2407 cura
904 2333 1070 2425 incubui,
1096 2342 1140 2405 ut
1197 2397 1203 2409 ,

89 2453 122 2524 si
152 2454 215 2550 qui
244 2466 411 2526 auctores
437 2455 671 2529 ecclesiastici
699 2483 720 2528 a
742 2457 953 2555 primordiis
977 2455 1064 2529 fidei
1091 2453 1139 2527 ad

91 2577 296 2652 Eusebium
319 2605 436 2675 usque
454 2581 563 2652 hasce
582 2580 727 2652 easdem
747 2581 938 2653 adducunt
958 2579 1015 2652 vel
1036 2603 1139 2652 com-

93 2715 302 2774 memorant
333 2696 604 2800 Scripturas‚'ii
635 2728 702 2802 pro
732 2730 771 2775 re
799 2715 885 2775 nata
913 2702 1068 2802 singulis
1094 2701 1140 2775 li-

90 2824 168 2896 bris
189 2826 298 2898 sacris
320 2838 431 2898 testes
448 2831 501 2904 vis
519 2833 709 2921 γνησιὸτητος
730 2826 1008 2900 adhiberentur.
1057 2826 1141 2900 Nee

92 2952 220 3042 timeo,
247 2980 294 3026 ne
320 2954 427 3056 nihili
453 2953 637 3053 pendatur
663 2955 766 3026 labor
792 2981 912 3039 meus3
939 2979 1013 3026 non
1039 2953 1141 3025 enim

93 3075 232 3173 legenti
251 3076 342 3148 mihi
361 3089 482 3174 partes
500 3079 632 3168 solum,
648 3078 711 3151 sed
725 3090 845 3151 totum
863 3078 1043 3174 cujusque
1058 3102 1144 3149 auc·

91 3199 183 3271 toris
207 3225 311 3297 opus,
329 3201 544 3274 obtulerunt
568 3227 606 3273 se
629 3201 854 3286 testimonia,
880 3226 962 3296 quae
985 3199 1144 3273 brenter

89 3334 132 3395 et
147 3323 375 3419 capitulatim
391 3323 620 3422 consignavi.
653 3306 773 3396 ¹Adde
792 3322 891 3420 quod
910 3321 1142 3421 spicilegium

91 3447 264 3518 relictum
282 3447 394 3519 fuisse
410 3458 495 3544 post
516 3446 685 3532 aliorum,
703 3471 789 3518 cum
808 3445 1041 3534 nostratium,
1059 3457 1142 3519 tum

90 3580 317 3658 exterorum,
343 3570 484 3642 labores
511 3570 631 3655 sensi3
665 3568 764 3642 haud
791 3569 930 3642 interea
950 3568 1144 3662 dubitans,

91 3692 213 3765 multa
230 3692 422 3790 permagni
439 3693 619 3766 momenti
637 3719 726 3784 esse,
745 3718 828 3791 quae
846 3705 884 3766 et
901 3720 962 3767 me
979 3692 1145 3792 praeteri·

89 3815 205 3888 erint.
474 3802 481 3813 ⁸

147 3938 345 4011 Conclusis
369 3950 493 4012 autem
514 3940 687 4013 sanctiori
706 3940 775 4013 hac
791 3941 953 4014 clausula
970 3945 1144 4037 οἰναντιρρἦ

90 4092 155 4138 τοις
171 4060 218 4133 iis
239 4063 490 4136 monumentis
508 4064 731 4139 Christianae
746 4066 992 4163 antiquitatis,
1003 4065 1049 4138 de
1063 4066 1145 4163 qui-

90 4187 166 4258 bus
177 4184 273 4258 bene
286 4186 430 4279 mereri,
444 4211 665 4286 quacunque
675 4216 713 4264 re
727 4216 886 4290 possem,
901 4188 1038 4281 stud-ui,
1053 4218 1145 4293 opus

140 4319 233 4366 von.
251 4319 306 4366 ιν.
612 4325 632 4367 a
