2684 4740
182 115 224 198 ,a
377 111 648 179 conciatura
670 108 971 181 aranearum
994 110 1026 175 1.

186 304 250 371 que
268 281 390 348 litteras
408 293 628 369 competentes
648 281 690 346 ad
708 303 795 361 eum,
810 279 866 368 qui
883 279 1031 347 vicariam
1051 275 1229 366 praefectu-

186 413 253 456 ram
269 412 327 476 per
341 391 486 457 Africam
500 403 609 456 tuetur
617 414 627 469 ;
650 401 687 455 nt
701 402 863 476 quotquot
877 389 974 476 hujus
988 385 1123 453 insanire
1136 384 1230 451 simi·

185 499 232 565 les
247 498 412 580 invenerit,
426 500 535 566 statim
550 521 606 564 eos
620 499 660 563 ad
680 499 872 564 comitatum
891 520 1000 563 meum
1019 495 1164 583 dirigat3
1187 510 1229 559 ne

186 608 320 675 ulterius
334 611 394 673 sub
407 624 495 676 tanta
505 609 649 674 claritate
662 609 727 673 Dei
742 610 842 675 nostri
855 630 894 673 ea
907 609 948 673 ab
962 607 1039 694 ipsis
1052 607 1142 685 liant,
1154 626 1229 692 quoe

186 718 359 784 maximam
384 719 581 785 iracundiam
605 718 741 784 caelestis
764 717 970 804 providentia
993 715 1121 802 possint
1146 712 1246 778 inci-

186 839 266 893 tare.
310 829 494 893 Incolumes
508 851 563 893 vos
580 829 673 893 Deus
693 827 898 912 omnipotens
914 826 1035 891 tribuat
1049 822 1132 890 votis
1143 821 1298 887 meir-z

187 949 221 1002 et
236 937 345 1002 vestris
359 959 417 1022 per
431 937 560 1016 saeoula,
575 937 688 1002 fratres
704 935 872 1000 carissimi.
913 939 1004 995 Extat
1016 937 1080 995 hac
1093 930 1300 1014 Epistola—

190 1047 225 1103 ad
238 1066 305 1124 pag.
318 1048 386 1105 268.
400 1049 472 1105 tomi
483 1048 509 1105 Ι.
524 1049 715 1116 Consiliorum,
730 1066 766 1105 ex
778 1048 847 1104 edit.
863 1045 1017 1109 Harduini.

530 1256 888 1308 ...φ-...-

677 1433 740 1498 VI.

264 1526 269 1533 ⁶
339 1586 412 1659 sx
438 1583 690 1658 arrsronn
716 1581 1081 1657 causasarum

210 1750 267 1808 nn
287 1747 517 1808 annianum
537 1744 943 1816 vrcamumnrarcm,
963 1742 1083 1805 nanc
1104 1738 1247 1805 adnm

580 1849 839 1922 saranum,

249 2002 339 2064 Data
355 2020 409 2062 ιν.
424 1975 499 2061 Idas
513 1994 698 2060 Novembres
713 1993 824 2058 Salina
840 2003 871 2058 et
885 1994 1006 2080 Rnffino
1024 1995 1110 2061 coss.
1124 2016 1181 2059 an.

611 2102 729 2169 Christi
741 2111 810 2169 ara.

229 2231 389 2299 Sententia
404 2233 442 2297 de
457 2230 658 2297 Admiratione
676 2229 850 2310 Caeciliani,
866 2252 961 2318 qnam
976 2231 1206 2298 Constantinus.

482 2339 663 2405 Mediolani
674 2339 941 2425 pronuntiaverat.

192 2464 298 2530 Extat
313 2465 400 2550 apzrd
411 2464 583 2552 Angustia.
600 2463 723 2528 Contra
739 2463 952 2529 Cresconium
964 2463 1023 2529 lib.
1034 2463 1082 2529 iii.
1095 2485 1169 2550 cap.
1182 2474 1229 2539 71.

235 2617 351 2671 lusaro
366 2614 468 2680 adbuc,
486 2615 540 2687 (ait
554 2615 582 2670 S.
594 2614 764 2688 Augustis.)
780 2623 809 2670 et
822 2613 910 2673 rerba
920 2616 1109 2674 Constantini
1122 2614 1186 2694 ejus
1197 2616 1233 2673 ad
1318 2591 1319 2594 ¹

194 2692 360 2751 Eumelium
370 2694 532 2759 ¹vicarium,
544 2693 593 2748 u'bi
611 2711 641 2748 se
656 2696 731 2748 inter
743 2704 839 2770 partes
855 2698 1034 2771 cognovisse,
1049 2705 1079 2753 et
1092 2697 1233 2754 innocen·

191 2784 256 2853 >tem
276 2773 462 2829 Caecilianum
483 2773 654 2849 comperisse
675 2783 807 2834 testatur.
849 2777 923 2833 Cum
944 2776 1022 2832 enim
1039 2786 1187 2833 narrasset
1204 2778 1237 2835 iu

194 2854 240 2911 his
256 2872 319 2928 quae
333 2872 419 2930 supra
432 2851 545 2908 locutus
560 2862 615 2922 est,
630 2855 867 2929 quemadmodum
886 2857 922 2913 ad
934 2855 1077 2934 judicium
1091 2855 1154 2935 ejus
1169 2869 1238 2935 post

188 2932 370 3013 episcopalia
378 2932 489 3010 judicia
502 2941 596 3010 partes
610 2934 754 3012 perducta
767 2935 894 3007 fuerint;

241 3039 279 3101 ln
300 3058 366 3123 quo
390 3036 522 3122 pervidi,
545 3040 648 3114 inquit,
673 3036 885 3102 Caecilianum
904 3038 1005 3104 viram
1030 3040 1119 3122 omni
1142 3039 1241 3106 inno-

188 3147 301 3212 centia
316 3145 506 3232 praeditum,
529 3164 566 3208 ac
586 3143 696 3208 debita
714 3130 878 3230 religionis
897 3168 966 3211 sua
985 3146 1090 3211 officia
1109 3168 1244 3215 servan-

194 3265 277 3330 tem,
295 3251 388 3337 eique
409 3249 455 3315 ita
477 3264 514 3314 ut
536 3250 680 3335 oportuit
701 3251 908 3318 servientem:
934 3272 995 3318 nec
1016 3252 1117 3318 ullum
1140 3254 1178 3321 in
1199 3276 1245 3331 eo

196 3363 321 3429 crimen
341 3360 471 3446 reperiri
491 3360 644 3444 potuisse,
660 3358 758 3422 eidam
773 3360 933 3444 apparuit,
947 3361 1032 3426 sicat
1045 3362 1174 3430 absenti
1188 3364 1246 3431 fu-

198 3484 268 3536 erat
278 3468 529 3534 adsersariorum
545 3488 675 3532 suorum
691 3466 894 3533 simulatione
909 3471 1141 3556 compositum.

242 3582 290 3640 De
304 3581 403 3638 eodem
418 3580 532 3637 Jndicio
546 3579 898 3717 AugustianawBrenicnlo
913 3581 1074 3641 Collationis
1087 3583 1146 3641 diei
1160 3586 1204 3646 iii.

656 3677 717 3735 cap.
775 3704 781 3716 .

242 3759 409 3817 Recitatum
430 3765 473 3814 est
493 3755 512 3811 J
515 3755 638 3811 udicium
655 3755 851 3824 Constantini,
867 3760 1105 3833 quemadmodum
1119 3778 1155 3818 se
1168 3762 1250 3823 inter

204 3851 299 3921 partes
325 3856 453 3895 caussam
478 3833 626 3891 Caeciliani
649 3835 817 3910 cognovisse
843 3838 880 3894 ael
903 3839 1068 3896 Eumalium
1093 3840 1250 3903 vicarium

205 3921 312 3978 Africa
332 3917 500 3993 scripsisset,
521 3915 598 3989 quod
617 3915 734 3971 remotis
753 3915 885 3973 omnibus
908 3919 1033 3986 arbitris,
1053 3921 1251 3983 cecilianum

203 4003 399 4064 innocentem,
414 3995 477 4062 illos
492 3993 762 4052 calumniosissimos
777 3999 946 4072 cognovisse
959 4007 1081 4066 testatus
1095 4013 1153 4060 est.
