2684 4740
177 326 417 397 ARCHELAI
438 330 495 395 ET
513 330 720 397 MANETIS
742 326 1031 395 DISPUTATIO.
1071 343 1130 411 147

90 499 437 586 tradidit‘sepulturae:
469 523 534 588 quo
558 523 690 573 munere
713 501 858 586 impleto,
881 501 922 563 ad
944 500 1131 563 hCharram

90 607 196 686 rediit,
211 622 309 694 atque
324 609 439 674 exinde
460 625 646 695 recuperata
660 611 806 688 sanitate,
823 610 1003 674 vulneratos
1019 608 1059 672 ad
1074 629 1132 693 pa·

87 717 185 800 ,triam
199 740 341 783 remeare
356 722 526 805 permittit,
542 722 725 808 largissimo
739 721 780 785 ad
798 723 858 785 iter
872 721 988 785 viatico
1006 741 1131 805 praepa·
1171 738 1174 744 ·

88 835 173 888 rato.
208 826 256 889 At
269 848 343 890 vero
360 829 436 890 laeti
451 828 549 914 liujus
566 829 676 914 opinio
692 828 734 892 ad
749 828 871 913 reliqua
887 826 1035 891 Marcelli
1049 825 1132 889 bene

87 947 182 1017 gesta
196 933 390 1015 immensum
407 924 573 999 cumulum
589 936 748 1000 contulit:
774 957 831 1022 per
847 937 1026 1000 universam
1043 935 1131 1000 enim

86 1039 256 1125 regionem
271 1043 358 1106 illam
375 1045 489 1129 ingens
506 1045 593 1108 fama
606 1044 755 1108 discurrit
772 1044 812 1106 de
830 1044 949 1129 pietate
967 1041 1130 1120 Marcelli,

87 1151 132 1216 ita
152 1166 190 1217 ut
209 1154 339 1239 plurimi
362 1176 401 1218 ex
420 1155 550 1219 diversis
574 1155 706 1220 urbibus
720 1154 860 1233 videndi,
875 1168 973 1239 atque
988 1173 1131 1237 cognos-

87 1260 182 1324 cendi
197 1260 255 1326 viri
270 1261 445 1348 cupiditate
460 1264 644 1349 flagrarent,
657 1277 690 1328 et
705 1264 843 1327 maxime
857 1263 901 1341 hi,
915 1262 1031 1348 quibus
1048 1261 1131 1323 ferre

86 1371 253 1456 penuriam
269 1395 346 1435 usus
362 1386 435 1436 ante
452 1395 517 1436 non
532 1375 648 1452 fuerat,
665 1373 783 1460 quibus
797 1373 949 1436 omnibus
972 1372 1016 1434 vir
1035 1393 1129 1456 egre-

86 1483 161 1566 gius
183 1481 464 1568 indulgentissime
486 1483 698 1563 ministrabat,
717 1485 867 1548 Marcelli
888 1484 1000 1547 veteris
1021 1485 1130 1549 imita-

87 1604 137 1657 tus
152 1593 310 1678 exempla,
326 1594 371 1657 ita
390 1607 428 1658 ut
447 1616 559 1658 omnes
580 1594 725 1658 dicerent
747 1594 811 1658 hoc
831 1595 897 1659 viro
916 1595 1041 1659 nullum
1058 1597 1132 1681 pie·
1156 1570 1159 1583 i

86 1713 151 1765 tate
173 1701 440 1788 praestantiorem.
484 1702 548 1766 Sed
570 1715 603 1766 et
625 1703 728 1769 viduae
751 1704 904 1768 universae
927 1705 1129 1769 inDornino

86 1811 251 1876 credentes
265 1811 305 1876 ad
321 1835 398 1876 eum
414 1812 647 1877 concurrebant
656 1837 665 1892 3
683 1835 759 1876 curn
774 1812 928 1876 imbecilli
943 1825 1075 1899 quoque
1089 1835 1131 1879 ex
1201 1808 1216 1831 χ

85 1941 123 1984 eo
146 1920 209 1985 sibi
230 1922 384 1987 auxilium
407 1923 621 1987 certissimum
643 1923 893 2010 praesumebant,
920 1944 978 1985 nec
1004 1937 1073 1987 non¹
1095 1935 1130 1988 et

86 2031 221 2118 orphani
236 2055 349 2098 omnes
363 2034 405 2099 ab
420 2034 491 2120 ipso
504 2035 736 2116 nutriebantur,
752 2035 935 2119 domusque
951 2033 1020 2120 ejus
1034 2054 1128 2119 pere·

85 2141 266 2226 grinorum,
282 2156 315 2207 et
330 2166 508 2230 pauperum
531 2143 710 2229 hospitium
731 2143 920 2206 dicebatur:
945 2163 1040 2234 super
1054 2163 1128 2205 onr-

85 2252 135 2316 nia
158 2274 231 2317 vero
251 2253 334 2333 haec,
349 2253 423 2317 fidei
445 2275 555 2317 curam
578 2253 710 2339 egregie
730 2275 768 2318 ac
788 2253 991 2338 singulariter
1011 2252 1128 2319 retine-

83 2362 151 2453 bat,
170 2363 330 2427 aedificans
347 2386 512 2428 corsuum
533 2386 628 2449 super
644 2365 846 2429 immobilem
861 2378 998 2451 petram.

126 2473 188 2538 IV.
219 2471 345 2559 iIgitur
360 2494 436 2537 cum
451 2471 580 2537 diversis
596 2471 629 2537 in
645 2472 725 2538 locis
740 2473 826 2540 fama
842 2473 882 2539 de
897 2497 937 2542 eo
953 2475 1128 2562 saepissime
1224 2517 1225 2520 =

84 2593 300 2666 spargeretur,
320 2580 418 2644 etiarn
442 2580 580 2666 Stranga
603 2580 699 2644 fluvio
723 2595 884 2665 superato,
907 2581 1070 2646 Persarum
1093 2583 1128 2649 in

83 2688 250 2775 regionem
272 2711 348 2753 eum
369 2690 503 2775 pertulit
522 2688 756 2768 admirandum,
772 2689 805 2753 in
820 2711 886 2775 qua
898 2689 1128 2756 demorabatur

82 2802 201 2866 Manes
214 2799 359 2888 quidam,
373 2799 429 2885 qui
451 2799 492 2864 ad
515 2821 548 2863 se
568 2798 797 2886 hujuscemodi
814 2799 871 2862 viri
890 2800 1040 2889 opinione
1054 2823 1128 2888 per-

80 2911 159 2990 lata,
180 2909 320 2996 plurima
342 2932 452 2974 secum
475 2909 544 2995 ipse
565 2909 723 2989 volvebat,
747 2908 1023 2995 quemadmodum
1048 2933 1126 2974 eurn

80 3018 243 3084 doctrinae
265 3041 332 3083 suae
356 3031 465 3104 posset
487 3018 609 3105 laqueis
630 3017 765 3097 irretire,
786 3040 914 3104 sperans
936 3032 1125 3083 assertorem

79 3127 246 3214 dogmatis
266 3126 316 3192 sui
339 3127 406 3192 fieri
427 3149 523 3214 posse
546 3127 753 3192 Marcellum.
799 3128 1127 3213 Praesumebatenim

77 3239 259 3304 universam
284 3259 318 3301 se
339 3259 498 3323 occupare
520 3259 616 3323 posse
638 3237 844 3322 provinciam,
867 3238 894 3302 si
916 3237 1004 3325 prius
1027 3239 1125 3303 talem

77 3346 184 3410 virum
206 3345 336 3408 sibimet
358 3345 493 3409 subdere
513 3345 691 3431 potuisset3
715 3345 745 3408 in
769 3367 834 3430 quo
856 3345 979 3432 duplici
1001 3346 1126 3431 cogita·

77 3456 169 3522 tione
183 3453 309 3518 animus
325 3453 493 3532 aestuabat,
507 3467 693 3517 utrumnam
714 3453 783 3538 ipse
805 3453 847 3517 ad
866 3475 941 3519 eum
963 3467 1123 3544 pergeret,

76 3587 119 3628 an
135 3562 250 3628 litteris
265 3584 341 3628 eum
357 3561 462 3647 primo
476 3574 614 3625 tentaret
628 3559 746 3626 adoriri
755 3585 765 3639 3
787 3562 955 3627 verebatur
969 3563 1067 3643 eninr,
1083 3585 1124 3630 ne

75 3673 163 3737 forte
189 3669 364 3757 improviso
390 3684 425 3735 et
449 3668 557 3734 subito
583 3669 731 3753 ingressu
755 3671 878 3734 malum
905 3671 966 3735 sibi
991 3671 1123 3759 aliquod

76 3793 288 3859 nasceretur3
322 3780 361 3845 ad
388 3778 541 3844 ultimum
569 3777 797 3844 versutioribus
826 3779 966 3848 consiliis
993 3803 1120 3870 parens,

108 4005 122 4043 ³¹
141 4007 233 4057 Habita
243 4019 279 4057 est
290 4011 371 4072 itaque
385 4011 440 4058 haec
455 4010 585 4070 disputatio
597 4011 661 4070 apud
673 4010 774 4058 Carrhas
789 4011 972 4059 celeberrimam
983 4010 1122 4071 Mesopota·
1170 4064 1173 4075 Ι

75 4088 135 4139 miae
146 4089 244 4147 urbem,
256 4090 328 4150 cujus
339 4091 467 4154 episcopus
479 4100 530 4137 erat
540 4090 684 4148 Archelaus,
697 4092 732 4139 uti
744 4107 817 4154 supra
828 4094 1004 4140 adnotavimus.

109 4170 115 4203 i
134 4170 201 4218 Hinc
218 4171 303 4234 incipit
319 4187 372 4235 pars
388 4172 464 4231 hujus
480 4172 557 4232 operis
574 4172 638 4218 edita
652 4186 667 4221 a
683 4171 780 4222 valesio
796 4187 828 4222 ex
843 4174 926 4230 codice
941 4169 1063 4232 nebiensi,
1077 4169 1120 4236 qul

74 4265 146 4302 nunc
157 4253 183 4301 in
194 4253 355 4304 Ambrosiana
366 4252 512 4304 bibliotheca
519 4261 636 4302 servatur.

572 4345 629 4396 L2
