2684 4740
236 420 303 490 332
489 401 1025 471 summasunmna

236 573 372 639 omnino
394 593 434 639 ex
455 575 636 642 rationabili
661 588 757 665 atque
781 575 957 642 immortali
977 573 1084 640 anima
1103 569 1277 660 participa-

234 682 281 748 vit
299 682 380 748 illud
400 684 488 770 quod
509 685 615 751 adbuc
629 686 662 751 in
677 699 786 752 ventre
803 697 989 774 corruptum
1005 697 1075 764 est3
1097 696 1130 749 et
1144 681 1277 769 repulsa

233 787 291 854 illa
310 789 393 855 ratio
414 806 465 857 est
483 815 556 879 quae
576 794 712 861 affirmat
732 817 802 860 eam
825 796 858 859 in
879 793 1010 859 seminis
1030 791 1161 857 traduce
1175 786 1275 854 simul
1291 836 1295 843 -

235 894 311 963 cum
333 901 522 987 corporibus
545 903 755 970 seminatam:
777 919 833 970 aut
855 904 882 968 si
904 903 1084 991 participat,
1100 900 1276 967 necessitas

233 1007 384 1074 imminet
398 1011 544 1076 confiteri
558 1013 726 1079 mortalem
742 1035 812 1079 esse
825 1013 964 1077 animam
979 1037 988 1076 ε
1011 1011 1100 1098 quod
1115 1010 1196 1075 fides
1212 1008 1276 1075 uti·

171 1165 175 1174 .
235 1134 299 1205 que
314 1131 422 1185 nostra
436 1143 500 1185 non
517 1122 640 1210 recipit.
661 1125 894 1189 Verumtamen
908 1122 987 1211 quid
1002 1121 1154 1209 estquod
1168 1143 1210 1185 ex
1225 1119 1275 1185 his

234 1227 385 1321 omnibus
400 1231 525 1296 ostendi
540 1233 709 1298 volumus?
735 1232 821 1300 lllud
835 1233 993 1320 profecto,
1008 1231 1096 1320 quod
1115 1230 1201 1296 sicut
1219 1250 1274 1295 eoa

234 1337 292 1424 qui
312 1361 409 1404 unam
431 1341 609 1427 quamlibet
628 1342 670 1408 de
690 1341 742 1407 bis
762 1364 842 1430 quas
860 1364 955 1430 snpra
967 1341 1187 1429 exposuimus,
1202 1337 1275 1425 opis

232 1447 365 1513 nionem
387 1472 492 1514 veram
512 1465 639 1538 putant,
660 1474 726 1517 nou
748 1465 836 1517 recta
859 1452 983 1517 ratione
1008 1449 1178 1516 haereticos
1202 1447 1274 1536 quis

232 1560 385 1646 appellat,
400 1581 460 1646 pro
475 1582 516 1626 eo
531 1560 619 1649 quod
637 1582 741 1649 neque
755 1583 795 1626 ex
807 1559 920 1626 divinis
935 1560 1106 1647 Scripturis
1119 1558 1201 1624 certi
1214 1558 1274 1625 ali·

137 1710 140 1714 ·
234 1666 312 1755 quid
333 1666 373 1732 de
392 1666 441 1732 his
461 1670 511 1734 vel
532 1669 700 1734 manifeste
719 1669 842 1736 dictum
861 1691 931 1737 esse
952 1669 1106 1751 videatur,
1122 1667 1272 1757 noqucin

233 1778 463 1866 praedicatione
483 1779 708 1846 Ecclesia-stica
727 1779 903 1846 contineris
925 1780 970 1845 ita
992 1801 1097 1868 neque
1116 1780 1208 1846 hunc
1228 1779 1274 1846 vis

233 1910 306 1953 rum
328 1888 451 1975 culpari
465 1887 592 1977 justum
607 1902 667 1967 est,
681 1887 888 1954 disserentem
910 1888 997 1975 quod
1017 1888 1079 1954 sibi
1093 1888 1197 1955 visum
1210 1900 1272 1968 est,

234 1997 375 2064 maxime
393 2021 471 2067 cum
494 1999 575 2065 illud
595 1999 757 2088 precipue
777 1996 955 2077 servaverit,
970 1996 1058 2084 qnod
1077 1997 1110 2062 in
1128 1997 1273 2065 Ecclesia

233 2105 275 2179 de
294 2107 408 2171 animae
427 2108 629 2173 confessione
647 2107 762 2173 servari
778 2086 972 2174 omnimodis
984 2108 1094 2189 debet,
1106 2107 1141 2174 id
1155 2121 1219 2188 est,
1234 2126 1273 2173 nc

233 2215 372 2282 diversas
394 2229 524 2281 naturas
544 2237 614 2281 esse
636 2216 755 2281 diceret
779 2216 979 2281 anisianum:
1009 2216 1088 2304 quin
1111 2217 1217 2282 immo
1240 2229 1273 2282 et

233 2324 373 2390 dicentes
387 2325 563 2412 redarguit,
577 2338 611 2390 et
623 2325 801 2391 vehementi
816 2326 989 2392 assertione
1003 2326 1175 2392 convincit.
1199 2329 1271 2415 lpse

232 2446 340 2500 autem
356 2435 476 2500 fatetur
489 2435 583 2500 unius
599 2434 784 2501 substantie
796 2457 910 2501 omnes
921 2457 991 2501 esse
1005 2437 1139 2517 animas,
1154 2450 1190 2502 et
1210 2436 1271 2503 inr-

233 2545 387 2612 mortales
402 2566 439 2609 ac
453 2543 668 2623 rationabiles,
684 2543 775 2609 liberi
789 2544 911 2610 arbitrii
924 2566 962 2610 ac
978 2544 1170 2610 voluntatis:
1179 2545 1270 2634 judi·
1328 2528 1333 2545 ’

232 2654 349 2721 caudas
371 2676 501 2742 qnoque
522 2676 591 2723 esse
613 2676 672 2740 pro
695 2654 744 2718 his
766 2677 839 2741 quae
862 2655 895 2719 in
913 2653 973 2719 bac
992 2653 1056 2719 vita
1074 2668 1267 2742 gesserunt:

232 2786 301 2833 esse
316 2778 422 2829 tamen
437 2786 490 2828 eas
504 2766 604 2830 factas
619 2786 639 2828 a
652 2765 739 2843 Deo,
750 2763 807 2851 qui
820 2764 964 2830 universa
977 2765 1094 2831 creavit
1108 2779 1141 2831 et
1157 2765 1269 2831 condi·

233 2876 292 2941 dit.
335 2874 475 2962 Quando
497 2889 604 2940 autem
624 2875 718 2944 facta
736 2874 812 2955 sint,
826 2874 903 2940 olim
919 2875 1026 2955 simul,
1041 2888 1097 2941 aut
1112 2899 1199 2942 nunc
1212 2896 1269 2963 per

233 2985 378 3072 singulos
400 2986 609 3065 nascentium,
625 2985 703 3073 quid
723 2985 856 3072 periculi
877 3000 928 3051 est
946 2986 1083 3051 alterum
1104 3008 1123 3051 e
1140 2985 1268 3053 duobus

232 3095 377 3182 opinari?
410 3095 475 3159 Sed
489 3094 582 3158 aliter
595 3093 786 3180 respondere
800 3093 952 3181 possibile
965 3107 1025 3174 est,
1041 3110 1078 3159 ut
1092 3097 1199 3160 omnis
1211 3117 1268 3182 pe-

231 3205 319 3270 nitus
340 3203 490 3290 culpandi
511 3203 615 3267 aditus
637 3202 833 3270 excludatur.
877 3203 968 3269 Sicut
990 3204 1075 3268 enim
1101 3204 1142 3269 de
1168 3205 1268 3270 lumi·

232 3313 362 3380 naribus
383 3312 457 3378 coeli
478 3311 601 3376 diversa
622 3311 751 3399 singuli,
771 3314 867 3378 etiam
890 3312 951 3399 ipsi
973 3313 1029 3400 qui
1051 3327 1125 3378 sunt
1146 3314 1180 3379 in
1202 3317 1268 3380 Ec·

232 3429 348 3508 clesiis,
370 3428 532 3506 sentiunt3
555 3427 624 3492 aliis
646 3427 776 3514 quidem
800 3426 1003 3513 opinantibus
1029 3448 1097 3491 esse
1122 3427 1268 3492 animan·

231 3542 288 3621 tia,
310 3556 344 3607 et
367 3538 602 3607 rationabilium
627 3540 856 3619 animantium
885 3539 954 3603 aliis
979 3561 1052 3603 vero
1077 3538 1268 3624 putantibus

233 3652 321 3741 quod
342 3651 570 3717 irrationabilia
588 3649 663 3729 sint,
679 3649 780 3714 immo
795 3672 869 3715 vero
884 3648 973 3736 quod
988 3671 1052 3712 non
1073 3648 1179 3713 solum
1197 3649 1269 3714 ani·

232 3783 298 3841 ma,
315 3760 370 3826 sed
390 3771 423 3824 et
443 3759 532 3824 omni
554 3781 648 3824 sensu
669 3758 795 3844 penitus
816 3771 957 3836 careant,
972 3771 1005 3823 et
1027 3759 1094 3823 sola
1113 3758 1182 3823 sine
1200 3759 1268 3846 spi·

232 3871 298 3937 ritu
319 3891 356 3934 sc
378 3890 473 3934 sensu
494 3869 558 3934 sint
578 3890 735 3956 corpora:
758 3891 854 3935 nemo
875 3883 982 3935 tamen
999 3869 1115 3934 merito
1128 3869 1269 3936 alterurn

233 4001 346 4045 eorum
369 3977 426 4065 qui
450 3977 520 4044 baec
544 3976 591 4043 ita
614 3976 734 4043 diverse
756 3979 909 4058 sentiunt,
929 3977 1115 4044 haereticum
1139 3978 1270 4062 dixerit,

233 4102 403 4176 propterea
417 4085 504 4174 quod
523 4109 587 4152 non
600 4099 708 4174 aperte
723 4086 764 4152 de
778 4086 829 4152 his
842 4087 995 4153 traditum
1011 4087 1104 4153 estin
1118 4086 1269 4175 Aposto·
1312 4101 1319 4122 ⁸

232 4200 295 4266 lica
315 4197 561 4287 praedicationer
589 4197 635 4264 ita
656 4197 752 4263 etiam
775 4219 830 4263 eos
855 4197 911 4284 qui
934 4197 974 4263 de
996 4197 1137 4264 bumana
1160 4198 1272 4266 anima
