2684 4740
229 318 377 403 ntem
399 312 719 391 roronrrours·
735 315 922 387 rntrors.
1056 331 1100 406 75

52 490 119 565 rint
136 515 177 561 ao
195 494 364 574 fabricata,
377 506 413 560 et
426 505 587 581 quatenus
600 492 739 559 voluerit
751 487 1013 557 circumscribere
1027 509 1097 555 ma·

54 606 196 696 gistrum
209 605 293 692 (fer.
306 604 545 690 magistratum,
553 602 690 689 Πηρὼ.)
704 601 746 666 nd
758 599 1023 677 mendaciumn
1037 599 1098 663 Fe·

55 718 151 786 licem
162 726 349 802 aspergeret
361 713 507 793 infamia,
517 712 604 778 dicat
618 734 639 777 a
650 733 718 799 quo
732 711 849 776 missin
862 710 905 775 sit
911 733 921 789 ς
937 722 1099 775 verumta-

56 844 129 893 men
139 823 414 891 machinationem
424 823 520 888 istam
531 821 614 909 (sor.
624 821 820 887 machinatio
831 833 880 887 est
890 820 966 904 ista>
976 819 1009 884 in
1018 841 1099 886 oon·

10 954 12 961 '
57 937 226 1007 wisatum
240 935 367 1015 Felicis,
379 957 447 1022 quo
458 933 625 1003 ceciliani
636 933 753 1022 pudori
764 947 799 1000 et
811 933 905 999 initio
915 933 1098 1020 derogaret.

10 1024 13 1131 ξ
57 1045 213 1113 ramim
226 1042 429 1131 qnnmqn
442 1041 1099 1137 perstaununnmnnnmnnmnga-

10 1166 14 1251 ζ
57 1170 107 1227 tas
116 1157 239 1223 missus
252 1156 297 1223 sit
308 1177 351 1221 ox
362 1154 487 1221 divana
499 1167 602 1242 perte.
624 1156 668 1220 Et
679 1153 826 1223 adstante
838 1151 1003 1239 ingentio,
1014 1149 1100 1217 AEli·

56 1292 136 1337 enus
148 1266 326 1355 proconsul
336 1265 430 1333 dixit=
447 1264 552 1354 Cujus
566 1278 731 1353 praecepto
741 1284 781 1331 ea
791 1264 962 1351 suscepisti
973 1263 1100 1353 ngends

56 1401 129 1467 quie
142 1378 204 1443 tibi
218 1375 438 1466 objiciuntur?
463 1375 632 1462 ingentius
643 1373 741 1441 dixit:
755 1373 843 1441 Ubii
859 1373 1010 1440 AElianui
1022 1388 1099 1461 pro·

55 1487 170 1555 consul
180 1485 276 1552 dixitr
292 1484 457 1574 Quoniam
469 1484 564 1570 lingis
577 1494 611 1551 te
621 1505 686 1550 non
701 1483 882 1572 intelligere
894 1483 982 1570 quod
998 1483 1098 1550 inter·

54 1594 193 1682 rogaris,
203 1593 312 1661 dicam
325 1593 479 1681 apertius.
502 1592 586 1682 Quis
601 1605 634 1659 te
648 1593 690 1658 ad
705 1592 933 1679 magistratum
949 1590 1099 1657 Caeciliaae

55 1723 136 1769 num
150 1701 262 1769 misit?
301 1702 472 1788 lugentior
485 1699 588 1768 dixitr
608 1703 721 1767 Nemo
741 1723 795 1766 me
813 1700 911 1765 misit.
948 1698 1099 1764 AElianns

52 1810 231 1898 procem
250 1809 353 1876 dixit:
375 1811 555 1900 Quomodo
576 1832 657 1898 argo
673 1809 789 1876 venisti
808 1809 850 1874 nd
871 1807 1100 1896 magistratum

53 1921 286 1989 Caecilianum?
304 1920 474 2008 ingentius
483 1920 581 1986 dixit:
597 1920 684 1986 Cum
693 1917 898 1998 venissemus,
906 1929 940 1983 et
949 1930 1100 2006 ageretur

52 2029 277 2097 eerm'Mnnri
291 2031 333 2096 ab
346 2030 447 2097 Utica
458 2030 614 2117 episcopi,
625 2027 682 2118 qui
693 2026 915 2116 episcopatum
931 2028 995 2094 sibi
1006 2028 1102 2094 rede·

49 2140 126 2220 mit,
138 2139 184 2206 ad
205 2139 320 2205 urbem
340 2137 484 2204 ascendit
498 2137 754 2203 Autumnitanus
769 2138 941 2226 episcopus
959 2137 1049 2204 Felix
1061 2151 1101 2206 ut

53 2260 220 2329 tractaret,
235 2263 269 2314 et
282 2247 383 2314 dixitr
405 2249 517 2313 Nemo
530 2247 759 2328 communicet,
772 2248 849 2336 qnia
863 2247 981 2314 fulsum
995 2247 1100 2314 admi·

51 2357 104 2424 eit.
146 2361 194 2424 Et
209 2358 277 2424 dixi
294 2358 345 2423 illi
362 2379 428 2444 ego
441 2380 461 2422 e
474 2368 613 2423 contra:
635 2358 709 2422 Nec
724 2357 798 2436 tibi,
812 2377 871 2422 nec
887 2357 946 2438 illi,
961 2358 1018 2446 qui
1032 2370 1100 2424 tra·

52 2466 207 2534 ditores.
248 2467 354 2533 Dolui
373 2467 459 2532 enim
480 2489 612 2533 causum
635 2467 747 2532 Mauri
765 2467 903 2554 hospitis
924 2468 1000 2548 mei,
1023 2464 1099 2557 quin

52 2577 368 2643 communicaveram
382 2599 458 2642 curn
478 2576 536 2642 illo
550 2577 584 2642 in
597 2599 743 2664 peregre,
757 2577 836 2664 quia
848 2575 932 2643 erasi
947 2597 1099 2664 persecu*

53 2685 187 2753 tionem.
230 2685 354 2752 Exinde
373 2687 420 2752 ibi
439 2686 473 2752 in
492 2687 597 2774 petrin
609 2688 709 2774 ipsius
726 2684 850 2766 Felicis,
867 2687 944 2752 duxi
963 2704 1096 2752 mecum

54 2804 118 2858 tres
142 2793 298 2874 seniorem
320 2806 357 2861 ut
376 2794 522 2860 viderent
541 2816 584 2860 an
606 2816 716 2860 verum
738 2762 942 2874 tradidisee'ss
955 2814 997 2859 sn
1020 2815 1103 2860 nona

58 2903 263 2989 Apronianus
278 2903 380 2970 dixit:
402 2905 483 2969 Non
502 2903 548 2968 itn
565 2903 653 2969 venit
669 2903 712 2969 ad
726 2903 939 2970 Caecilinnum
954 2924 1099 2992 quterere

10 3004 14 3027 ³
61 3009 299 3080 ‹le-Creciliano.
333 3013 482 3079 AElinnus
497 3013 673 3100 proconsul
688 3011 865 3078 Caecilinno
880 3013 981 3080 dinitr
1003 3016 1098 3103 Quo·

65 3121 155 3188 modo
168 3123 213 3188 nd
225 3135 259 3187 te
272 3122 357 3188 venit
371 3122 562 3207 Ingentiusi
585 3120 780 3187 Caecilianus
793 3122 977 3209 respondite
996 3123 1098 3188 Domi

10 3293 15 3322 ξ
71 3226 161 3295 atne
171 3230 268 3296 venit.
283 3229 480 3316 prandebam
494 3251 570 3295 cum
581 3230 746 3318 operariis.
758 3230 846 3296 verrit
856 3231 946 3296 illuc.
961 3233 1051 3298 stetit
1059 3233 1098 3298 'irr

73 3334 163 3418 hene.
181 3339 376 3405 Caecilianus
386 3339 444 3404 ubi
455 3338 628 3405 estidixit.
648 3339 830 3426 Respondi:
842 3341 920 3406 Hic.
941 3342 1014 3425 Ego
1021 3339 1098 3407 dion

77 3441 112 3508 dt
125 3449 213 3536 Quid
225 3451 298 3515 esti
323 3448 447 3518 Omnia
456 3461 543 3515 recte
553 3451 566 3514 i
589 3449 719 3531 Omnis,
732 3449 823 3517 dicit.
846 3450 1011 3537 Respondi
1024 3450 1097 3518 iili:

78 3550 170 3626 Sinon
183 3562 310 3627 fastidis
321 3561 489 3648 prandere,
499 3561 582 3639 veni,
592 3562 725 3648 prende.
754 3562 846 3628 Dicit
860 3561 961 3628 mihi:
976 3563 1096 3628 Reser-

10 3695 13 3706 ’
78 3664 191 3737 urhun
206 3671 309 3737 Venit
319 3669 396 3736 illue
405 3671 503 3736 solus.
525 3670 646 3737 Dicere
655 3671 736 3736 mihi
747 3671 858 3758 coepit,
867 3693 944 3736 ecce
952 3671 999 3736 sic
1011 3671 1095 3757 (ser.

77 3774 112 3856 ω)
120 3783 194 3848 milri
208 3806 321 3849 curere
330 3796 366 3848 et
376 3781 538 3870 inquirere
548 3804 591 3848 nn
603 3783 719 3850 aduste
729 3782 826 3848 fuerit
839 3781 997 3868 scripturn
1010 3796 1097 3848 anno

75 3877 238 3958 invntus
251 3893 329 3958 mei.
351 3891 440 3958 Dico
453 3892 504 3958 illi·
514 3914 597 3979 egon
611 3892 773 3957 Molestus
787 3911 822 3955 ns
835 3890 928 3971 mihi,
942 3903 981 3956 tu
993 3890 1096 3957 homo·

10 4032 23 4074 s
75 3983 1096 4088 inunmenrmnrnename.ntsprevrnumament

10 4133 21 4180 r
74 4109 141 4176 wit
154 4111 216 4178 illo
236 4113 355 4178 iterato
373 4134 451 4178 cum
470 4111 600 4200 collega
618 4129 706 4192 meo,
718 4132 797 4176 cum
818 4132 884 4198 quo
903 4108 953 4174 fui
964 4106 1094 4173 AEdilis.

10 4240 16 4284 ι
74 4206 352 4310 Aimffieeuegu
364 4240 476 4296 meus:
499 4204 588 4289 Felix
602 4219 894 4308 nosterepncopur
907 4214 1098 4285 mitithnoo
