<?xml version="1.0" encoding="UTF-8"?>
<!DOCTYPE html PUBLIC "-//W3C//DTD XHTML 1.0 Transitional//EN"
    "http://www.w3.org/TR/xhtml1/DTD/xhtml1-transitional.dtd">
<html xmlns="http://www.w3.org/1999/xhtml" xml:lang="en" lang="en">
 <head>
  <title>
</title>
<meta http-equiv="Content-Type" content="text/html;charset=utf-8" />
  <meta name='ocr-system' content='tesseract 3.04.00' />
  <meta name='ocr-capabilities' content='ocr_page ocr_carea ocr_par ocr_line ocrx_word'/>
</head>
<body>
  <div class='ocr_page' id='page_1' title='image "./reliquiaesacrae10routgoog_0020.png"; bbox 0 0 2684 4740; ppageno 0'>
   <div class='ocr_carea' id='block_1_1' title="bbox 285 696 1120 794">
    <p class='ocr_par' dir='ltr' id='par_1_1' title="bbox 285 696 1120 794">
     <span class='ocr_line' id='line_1_1' title="bbox 285 696 1120 794; baseline -0.006 -8"><span class='ocrx_word' id='word_1_1' title='bbox 285 696 718 786; x_wconf 80' lang='lat' dir='ltr'><strong>FRAGMENTUM</strong></span> <span class='ocrx_word' id='word_1_2' title='bbox 742 699 1120 794; x_wconf 85' lang='lat' dir='ltr'><strong>ACEPHALUM</strong></span> 
     </span>
    </p>
   </div>
   <div class='ocr_carea' id='block_1_2' title="bbox 477 919 925 988">
    <p class='ocr_par' dir='ltr' id='par_1_2' title="bbox 477 919 925 988">
     <span class='ocr_line' id='line_1_2' title="bbox 477 919 925 988; baseline 0.002 -11"><span class='ocrx_word' id='word_1_3' title='bbox 477 919 651 978; x_wconf 84' lang='lat' dir='ltr'>INCERTI</span> <span class='ocrx_word' id='word_1_4' title='bbox 671 919 925 988; x_wconf 82' lang='lat' dir='ltr'>SCRIPTORIS,</span> 
     </span>
    </p>
   </div>
   <div class='ocr_carea' id='block_1_3' title="bbox 212 1058 1188 1161">
    <p class='ocr_par' dir='ltr' id='par_1_3' title="bbox 212 1058 1188 1161">
     <span class='ocr_line' id='line_1_3' title="bbox 212 1058 1188 1161; baseline -0.005 -6"><span class='ocrx_word' id='word_1_5' title='bbox 212 1094 290 1155; x_wconf 69' lang='lat' dir='ltr'><em>QUI</em></span> <span class='ocrx_word' id='word_1_6' title='bbox 310 1093 464 1150; x_wconf 75' lang='lat' dir='ltr'>SAECULO</span> <span class='ocrx_word' id='word_1_7' title='bbox 481 1058 649 1152; x_wconf 43' lang='lat' dir='ltr'><em>&#39;emutire</em></span> <span class='ocrx_word' id='word_1_8' title='bbox 669 1097 761 1152; x_wconf 88' lang='lat' dir='ltr'>POST</span> <span class='ocrx_word' id='word_1_9' title='bbox 782 1097 978 1152; x_wconf 81' lang='lat' dir='ltr'>CHRISTUM</span> <span class='ocrx_word' id='word_1_10' title='bbox 999 1094 1188 1161; x_wconf 86' lang='lat' dir='ltr'><strong>SECUNDO,</strong></span> 
     </span>
    </p>
   </div>
   <div class='ocr_carea' id='block_1_4' title="bbox 345 1241 1053 1541">
    <p class='ocr_par' dir='ltr' id='par_1_4' title="bbox 345 1241 1053 1541">
     <span class='ocr_line' id='line_1_4' title="bbox 345 1241 1053 1329; baseline -0.004 -1"><span class='ocrx_word' id='word_1_11' title='bbox 345 1241 413 1328; x_wconf 83' lang='lat' dir='ltr'><em>ou</em></span> <span class='ocrx_word' id='word_1_12' title='bbox 430 1261 618 1329; x_wconf 76' lang='lat' dir='ltr'><em>eunoun</em></span> <span class='ocrx_word' id='word_1_13' title='bbox 638 1263 672 1329; x_wconf 85' lang='lat' dir='ltr'><em>S.</em></span> <span class='ocrx_word' id='word_1_14' title='bbox 688 1258 1053 1329; x_wconf 75' lang='lat' dir='ltr'><em>scurrruunnuu.</em></span> 
     </span>
     <span class='ocr_line' id='line_1_5' title="bbox 565 1490 837 1541; baseline 0 0"><span class='ocrx_word' id='word_1_15' title='bbox 565 1490 837 1541; x_wconf 46' lang='grc' dir='ltr'><em>-ὲ-Φ-</em></span> 
     </span>
    </p>
   </div>
   <div class='ocr_carea' id='block_1_5' title="bbox 128 1687 1191 1886">
    <p class='ocr_par' dir='ltr' id='par_1_5' title="bbox 128 1687 1191 1886">
     <span class='ocr_line' id='line_1_6' title="bbox 128 1687 1191 1779; baseline -0.003 -25"><span class='ocrx_word' id='word_1_16' title='bbox 128 1704 154 1754; x_wconf 79' lang='grc'><em>·5</em></span> <span class='ocrx_word' id='word_1_17' title='bbox 205 1687 335 1757; x_wconf 79' lang='lat' dir='ltr'><em>Primus</em></span> <span class='ocrx_word' id='word_1_18' title='bbox 349 1691 448 1758; x_wconf 80' lang='lat' dir='ltr'><em>edidit</em></span> <span class='ocrx_word' id='word_1_19' title='bbox 463 1693 732 1758; x_wconf 75' lang='lat' dir='ltr'><em>Munnronrus</em></span> <span class='ocrx_word' id='word_1_20' title='bbox 750 1691 784 1756; x_wconf 87' lang='lat' dir='ltr'><em>in</em></span> <span class='ocrx_word' id='word_1_21' title='bbox 798 1689 1055 1779; x_wconf 77' lang='lat' dir='ltr'><em>Antiquitatibus</em></span> <span class='ocrx_word' id='word_1_22' title='bbox 1069 1687 1191 1754; x_wconf 77' lang='lat' dir='ltr'><em>Italicis</em></span> 
     </span>
     <span class='ocr_line' id='line_1_7' title="bbox 423 1799 970 1886; baseline -0.004 -20"><span class='ocrx_word' id='word_1_23' title='bbox 423 1800 528 1866; x_wconf 86' lang='lat' dir='ltr'><em>Medii</em></span> <span class='ocrx_word' id='word_1_24' title='bbox 542 1799 633 1879; x_wconf 87' lang='lat' dir='ltr'><em>AEui,</em></span> <span class='ocrx_word' id='word_1_25' title='bbox 649 1814 741 1865; x_wconf 91' lang='lat' dir='ltr'><em>tomo</em></span> <span class='ocrx_word' id='word_1_26' title='bbox 752 1799 797 1864; x_wconf 90' lang='lat' dir='ltr'><em>iii.</em></span> <span class='ocrx_word' id='word_1_27' title='bbox 812 1821 888 1886; x_wconf 84' lang='lat' dir='ltr'><em>pag.</em></span> <span class='ocrx_word' id='word_1_28' title='bbox 902 1813 970 1865; x_wconf 81' lang='lat'>854.</span> 
     </span>
    </p>
   </div>
   <div class='ocr_carea' id='block_1_6' title="bbox 125 1926 1221 2383">
    <p class='ocr_par' dir='ltr' id='par_1_6' title="bbox 125 1926 1221 2383">
     <span class='ocr_line' id='line_1_8' title="bbox 172 1926 1221 2055; baseline -0.003 -20"><span class='ocrx_word' id='word_1_29' title='bbox 172 1926 458 2047; x_wconf 36' lang='lat' dir='ltr'>*QUIBUS</span> <span class='ocrx_word' id='word_1_30' title='bbox 485 1981 594 2034; x_wconf 87' lang='lat' dir='ltr'><em>tamen</em></span> <span class='ocrx_word' id='word_1_31' title='bbox 617 1969 773 2048; x_wconf 84' lang='lat' dir='ltr'><em>interfuit,</em></span> <span class='ocrx_word' id='word_1_32' title='bbox 798 1981 831 2034; x_wconf 89' lang='lat' dir='ltr'><em>et</em></span> <span class='ocrx_word' id='word_1_33' title='bbox 858 1969 904 2033; x_wconf 89' lang='lat' dir='ltr'><em>ita</em></span> <span class='ocrx_word' id='word_1_34' title='bbox 932 1967 1054 2055; x_wconf 86' lang='lat' dir='ltr'><em>posuit.</em></span> <span class='ocrx_word' id='word_1_35' title='bbox 1095 1963 1221 2046; x_wconf 86' lang='lat' dir='ltr'><em>Tertio,</em></span> 
     </span>
     <span class='ocr_line' id='line_1_9' title="bbox 175 2064 1220 2166; baseline 0.003 -27"><span class='ocrx_word' id='word_1_36' title='bbox 175 2064 343 2166; x_wconf 79' lang='lat' dir='ltr'><em>Evangelii</em></span> <span class='ocrx_word' id='word_1_37' title='bbox 361 2079 481 2144; x_wconf 90' lang='lat' dir='ltr'><em>librum</em></span> <span class='ocrx_word' id='word_1_38' title='bbox 504 2077 647 2144; x_wconf 86' lang='lat' dir='ltr'><em>secundo</em></span> <span class='ocrx_word' id='word_1_39' title='bbox 666 2079 832 2165; x_wconf 66' lang='lat' dir='ltr'><em>(fortusse,</em></span> <span class='ocrx_word' id='word_1_40' title='bbox 847 2078 928 2143; x_wconf 88' lang='lat' dir='ltr'><em>liber</em></span> <span class='ocrx_word' id='word_1_41' title='bbox 942 2077 1134 2162; x_wconf 87' lang='lat' dir='ltr'><em>secundum)</em></span> <span class='ocrx_word' id='word_1_42' title='bbox 1150 2079 1220 2142; x_wconf 88' lang='lat' dir='ltr'><em>Lu·</em></span> 
     </span>
     <span class='ocr_line' id='line_1_10' title="bbox 180 2185 1221 2274; baseline 0 -24"><span class='ocrx_word' id='word_1_43' title='bbox 180 2199 261 2253; x_wconf 71' lang='lat' dir='ltr'><em>cam.</em></span> <span class='ocrx_word' id='word_1_44' title='bbox 306 2191 414 2253; x_wconf 88' lang='lat' dir='ltr'><em>Lucas</em></span> <span class='ocrx_word' id='word_1_45' title='bbox 427 2188 489 2253; x_wconf 89' lang='lat' dir='ltr'><em>iste</em></span> <span class='ocrx_word' id='word_1_46' title='bbox 504 2186 649 2252; x_wconf 90' lang='lat' dir='ltr'><em>medicus</em></span> <span class='ocrx_word' id='word_1_47' title='bbox 664 2200 740 2274; x_wconf 92' lang='lat' dir='ltr'><em>post</em></span> <span class='ocrx_word' id='word_1_48' title='bbox 755 2208 922 2252; x_wconf 90' lang='lat' dir='ltr'><em>ascensum</em></span> <span class='ocrx_word' id='word_1_49' title='bbox 939 2185 1073 2264; x_wconf 87' lang='lat' dir='ltr'><em>Christi,</em></span> <span class='ocrx_word' id='word_1_50' title='bbox 1089 2207 1165 2251; x_wconf 88' lang='lat' dir='ltr'><em>cum</em></span> <span class='ocrx_word' id='word_1_51' title='bbox 1180 2206 1221 2250; x_wconf 89' lang='lat' dir='ltr'><em>eo</em></span> 
     </span>
     <span class='ocr_line' id='line_1_11' title="bbox 125 2277 1219 2383; baseline 0.002 -26"><span class='ocrx_word' id='word_1_52' title='bbox 125 2277 128 2284; x_wconf 39' lang='lat'><strong>¹</strong></span> <span class='ocrx_word' id='word_1_53' title='bbox 148 2292 279 2375; x_wconf 69' lang='lat' dir='ltr'><em>loieum,</em></span> <span class='ocrx_word' id='word_1_54' title='bbox 293 2307 332 2361; x_wconf 90' lang='lat' dir='ltr'><em>ut</em></span> <span class='ocrx_word' id='word_1_55' title='bbox 340 2297 416 2380; x_wconf 83' lang='lat' dir='ltr'><em>jam</em></span> <span class='ocrx_word' id='word_1_56' title='bbox 434 2295 568 2381; x_wconf 76' lang='lat' dir='ltr'><em>reposuit</em></span> <span class='ocrx_word' id='word_1_57' title='bbox 586 2294 805 2379; x_wconf 82' lang='lat' dir='ltr'><em>Fricudnlicr.)</em></span> <span class='ocrx_word' id='word_1_58' title='bbox 828 2295 944 2360; x_wconf 89' lang='lat' dir='ltr'><em>Paulus</em></span> <span class='ocrx_word' id='word_1_59' title='bbox 962 2295 1054 2383; x_wconf 88' lang='lat' dir='ltr'><em>quasi</em></span> <span class='ocrx_word' id='word_1_60' title='bbox 1075 2307 1112 2359; x_wconf 93' lang='lat' dir='ltr'><em>ut</em></span> <span class='ocrx_word' id='word_1_61' title='bbox 1136 2294 1219 2381; x_wconf 82' lang='lat' dir='ltr'><em>(for.</em></span> 
     </span>
    </p>
   </div>
   <div class='ocr_carea' id='block_1_7' title="bbox 133 2403 1220 4015">
    <p class='ocr_par' dir='ltr' id='par_1_7' title="bbox 133 2403 1220 4015">
     <span class='ocr_line' id='line_1_12' title="bbox 187 2403 1219 2493; baseline 0.004 -29"><span class='ocrx_word' id='word_1_62' title='bbox 187 2407 222 2486; x_wconf 82' lang='lat' dir='ltr'><em>et)</em></span> <span class='ocrx_word' id='word_1_63' title='bbox 234 2406 316 2493; x_wconf 82' lang='lat' dir='ltr'><em>juris</em></span> <span class='ocrx_word' id='word_1_64' title='bbox 334 2404 515 2471; x_wconf 91' lang='lat' dir='ltr'><em>studiosum</em></span> <span class='ocrx_word' id='word_1_65' title='bbox 538 2404 715 2470; x_wconf 87' lang='lat' dir='ltr'><em>secundum</em></span> <span class='ocrx_word' id='word_1_66' title='bbox 734 2403 943 2491; x_wconf 83' lang='lat' dir='ltr'><em>adsumsisset</em></span> <span class='ocrx_word' id='word_1_67' title='bbox 957 2405 1089 2492; x_wconf 85' lang='lat' dir='ltr'><em>numeni</em></span> <span class='ocrx_word' id='word_1_68' title='bbox 1104 2426 1163 2469; x_wconf 91' lang='lat' dir='ltr'><em>suo</em></span> <span class='ocrx_word' id='word_1_69' title='bbox 1179 2425 1219 2468; x_wconf 86' lang='lat' dir='ltr'><em>ex</em></span> 
     </span>
     <span class='ocr_line' id='line_1_13' title="bbox 152 2512 1217 2599; baseline -0.007 -18"><span class='ocrx_word' id='word_1_70' title='bbox 152 2556 154 2563; x_wconf 93' lang='lat'>·</span> <span class='ocrx_word' id='word_1_71' title='bbox 189 2514 327 2599; x_wconf 82' lang='lat' dir='ltr'><em>opinione</em></span> <span class='ocrx_word' id='word_1_72' title='bbox 339 2513 501 2579; x_wconf 82' lang='lat' dir='ltr'><em>concriset</em></span> <span class='ocrx_word' id='word_1_73' title='bbox 516 2512 600 2599; x_wconf 75' lang='lat' dir='ltr'><em>(sor.</em></span> <span class='ocrx_word' id='word_1_74' title='bbox 623 2535 735 2578; x_wconf 87' lang='lat' dir='ltr'><em>secum</em></span> <span class='ocrx_word' id='word_1_75' title='bbox 752 2513 995 2599; x_wconf 85' lang='lat' dir='ltr'><em>adsumpsisset,</em></span> <span class='ocrx_word' id='word_1_76' title='bbox 1011 2512 1142 2575; x_wconf 89' lang='lat' dir='ltr'><em>nomine</em></span> <span class='ocrx_word' id='word_1_77' title='bbox 1157 2532 1217 2575; x_wconf 89' lang='lat' dir='ltr'><em>suo</em></span> 
     </span>
     <span class='ocr_line' id='line_1_14' title="bbox 188 2618 1220 2709; baseline -0.005 -21"><span class='ocrx_word' id='word_1_78' title='bbox 188 2642 217 2687; x_wconf 78' lang='lat' dir='ltr'><em>es</em></span> <span class='ocrx_word' id='word_1_79' title='bbox 231 2625 341 2689; x_wconf 89' lang='lat' dir='ltr'><em>ordine</em></span> <span class='ocrx_word' id='word_1_80' title='bbox 356 2624 573 2709; x_wconf 89' lang='lat' dir='ltr'><em>conscripsit).</em></span> <span class='ocrx_word' id='word_1_81' title='bbox 616 2623 798 2688; x_wconf 90' lang='lat' dir='ltr'><em>Dominum</em></span> <span class='ocrx_word' id='word_1_82' title='bbox 812 2634 921 2686; x_wconf 89' lang='lat' dir='ltr'><em>tamen</em></span> <span class='ocrx_word' id='word_1_83' title='bbox 936 2642 995 2685; x_wconf 92' lang='lat' dir='ltr'><em>nec</em></span> <span class='ocrx_word' id='word_1_84' title='bbox 1009 2621 1078 2706; x_wconf 90' lang='lat' dir='ltr'><em>ipse</em></span> <span class='ocrx_word' id='word_1_85' title='bbox 1092 2618 1171 2684; x_wconf 91' lang='lat' dir='ltr'><em>vidit</em></span> <span class='ocrx_word' id='word_1_86' title='bbox 1186 2619 1220 2684; x_wconf 92' lang='lat' dir='ltr'><em>in</em></span> 
     </span>
     <span class='ocr_line' id='line_1_15' title="bbox 186 2728 1218 2819; baseline 0.002 -26"><span class='ocrx_word' id='word_1_87' title='bbox 186 2750 287 2812; x_wconf 74' lang='lat' dir='ltr'><em>carne,</em></span> <span class='ocrx_word' id='word_1_88' title='bbox 304 2746 339 2797; x_wconf 89' lang='lat' dir='ltr'><em>et</em></span> <span class='ocrx_word' id='word_1_89' title='bbox 349 2733 436 2797; x_wconf 91' lang='lat' dir='ltr'><em>idem</em></span> <span class='ocrx_word' id='word_1_90' title='bbox 448 2746 545 2819; x_wconf 88' lang='lat' dir='ltr'><em>prout</em></span> <span class='ocrx_word' id='word_1_91' title='bbox 555 2731 681 2818; x_wconf 86' lang='lat' dir='ltr'><em>assequi</em></span> <span class='ocrx_word' id='word_1_92' title='bbox 692 2730 811 2816; x_wconf 91' lang='lat' dir='ltr'><em>potuit,</em></span> <span class='ocrx_word' id='word_1_93' title='bbox 823 2728 869 2794; x_wconf 89' lang='lat' dir='ltr'><em>ita</em></span> <span class='ocrx_word' id='word_1_94' title='bbox 880 2743 914 2794; x_wconf 96' lang='lat' dir='ltr'><em>et</em></span> <span class='ocrx_word' id='word_1_95' title='bbox 927 2741 969 2793; x_wconf 69' lang='lat' dir='ltr'><em>aa</em></span> <span class='ocrx_word' id='word_1_96' title='bbox 983 2728 1147 2814; x_wconf 78' lang='lat' dir='ltr'><em>nativitate</em></span> <span class='ocrx_word' id='word_1_97' title='bbox 1159 2729 1218 2795; x_wconf 90' lang='lat' dir='ltr'><em>Jo-</em></span> 
     </span>
     <span class='ocr_line' id='line_1_16' title="bbox 155 2835 1218 2927; baseline 0.003 -26"><span class='ocrx_word' id='word_1_98' title='bbox 155 2835 286 2905; x_wconf 70' lang='lat' dir='ltr'><em>ushannis</em></span> <span class='ocrx_word' id='word_1_99' title='bbox 302 2841 424 2927; x_wconf 88' lang='lat' dir='ltr'><em>incipet</em></span> <span class='ocrx_word' id='word_1_100' title='bbox 440 2840 576 2926; x_wconf 88' lang='lat' dir='ltr'><em>(incipit,</em></span> <span class='ocrx_word' id='word_1_101' title='bbox 592 2838 725 2924; x_wconf 79' lang='lat' dir='ltr'><em>reposuit</em></span> <span class='ocrx_word' id='word_1_102' title='bbox 738 2837 926 2921; x_wconf 79' lang='lat' dir='ltr'><em>Fretndutt.)</em></span> <span class='ocrx_word' id='word_1_103' title='bbox 945 2839 1061 2903; x_wconf 86' lang='lat' dir='ltr'><em>dicere.</em></span> <span class='ocrx_word' id='word_1_104' title='bbox 1101 2839 1218 2927; x_wconf 75' lang='lat' dir='ltr'><em>Quarti</em></span> 
     </span>
     <span class='ocr_line' id='line_1_17' title="bbox 182 2947 1216 3036; baseline 0.002 -24"><span class='ocrx_word' id='word_1_105' title='bbox 182 2948 424 3036; x_wconf 81' lang='lat' dir='ltr'><em>Evangeliorum</em></span> <span class='ocrx_word' id='word_1_106' title='bbox 440 2949 523 3036; x_wconf 68' lang='lat' dir='ltr'><em>(foc.</em></span> <span class='ocrx_word' id='word_1_107' title='bbox 536 2952 673 3036; x_wconf 74' lang='lat' dir='ltr'><em>Quarto,</em></span> <span class='ocrx_word' id='word_1_108' title='bbox 685 2948 911 3034; x_wconf 86' lang='lat' dir='ltr'><em>Evangelium)</em></span> <span class='ocrx_word' id='word_1_109' title='bbox 925 2947 1082 3013; x_wconf 67' lang='lat' dir='ltr'><em>,Iohannis</em></span> <span class='ocrx_word' id='word_1_110' title='bbox 1096 2970 1136 3012; x_wconf 86' lang='lat' dir='ltr'><em>ex</em></span> <span class='ocrx_word' id='word_1_111' title='bbox 1151 2948 1216 3014; x_wconf 79' lang='lat' dir='ltr'><em>dis-</em></span> 
     </span>
     <span class='ocr_line' id='line_1_18' title="bbox 181 3056 1217 3145; baseline 0.004 -26"><span class='ocrx_word' id='word_1_112' title='bbox 181 3056 300 3145; x_wconf 90' lang='lat' dir='ltr'><em>cipulis.</em></span> <span class='ocrx_word' id='word_1_113' title='bbox 326 3058 582 3124; x_wconf 88' lang='lat' dir='ltr'><em>Cohortantibus</em></span> <span class='ocrx_word' id='word_1_114' title='bbox 598 3057 682 3143; x_wconf 88' lang='lat' dir='ltr'><em>(for.</em></span> <span class='ocrx_word' id='word_1_115' title='bbox 695 3059 726 3120; x_wconf 94' lang='lat' dir='ltr'><em>Is</em></span> <span class='ocrx_word' id='word_1_116' title='bbox 738 3056 998 3141; x_wconf 87' lang='lat' dir='ltr'><em>cohortantibus)</em></span> <span class='ocrx_word' id='word_1_117' title='bbox 1013 3057 1217 3144; x_wconf 90' lang='lat' dir='ltr'><em>condiscipu-</em></span> 
     </span>
     <span class='ocr_line' id='line_1_19' title="bbox 178 3164 1214 3254; baseline 0.006 -25"><span class='ocrx_word' id='word_1_118' title='bbox 178 3165 210 3231; x_wconf 86' lang='lat' dir='ltr'><em>lis</em></span> <span class='ocrx_word' id='word_1_119' title='bbox 221 3179 256 3232; x_wconf 87' lang='lat' dir='ltr'><em>et</em></span> <span class='ocrx_word' id='word_1_120' title='bbox 270 3167 443 3254; x_wconf 87' lang='lat' dir='ltr'><em>episcopis,</em></span> <span class='ocrx_word' id='word_1_121' title='bbox 458 3167 523 3232; x_wconf 89' lang='lat' dir='ltr'><em>suis</em></span> <span class='ocrx_word' id='word_1_122' title='bbox 539 3165 620 3252; x_wconf 85' lang='lat' dir='ltr'><em>dixit</em></span> <span class='ocrx_word' id='word_1_123' title='bbox 628 3189 638 3244; x_wconf 82' lang='lat'>3</span> <span class='ocrx_word' id='word_1_124' title='bbox 656 3164 872 3252; x_wconf 86' lang='lat' dir='ltr'><em>Conjejunate</em></span> <span class='ocrx_word' id='word_1_125' title='bbox 885 3164 965 3229; x_wconf 89' lang='lat' dir='ltr'><em>mihi</em></span> <span class='ocrx_word' id='word_1_126' title='bbox 980 3164 1078 3231; x_wconf 88' lang='lat' dir='ltr'><em>hodie</em></span> <span class='ocrx_word' id='word_1_127' title='bbox 1092 3166 1214 3246; x_wconf 84' lang='lat' dir='ltr'><em>triduo,</em></span> 
     </span>
     <span class='ocr_line' id='line_1_20' title="bbox 178 3274 1214 3363; baseline 0.004 -25"><span class='ocrx_word' id='word_1_128' title='bbox 178 3287 206 3339; x_wconf 86' lang='lat' dir='ltr'><em>et</em></span> <span class='ocrx_word' id='word_1_129' title='bbox 218 3276 301 3363; x_wconf 91' lang='lat' dir='ltr'><em>quid</em></span> <span class='ocrx_word' id='word_1_130' title='bbox 315 3275 434 3362; x_wconf 90' lang='lat' dir='ltr'><em>cuique</em></span> <span class='ocrx_word' id='word_1_131' title='bbox 448 3277 546 3342; x_wconf 84' lang='lat' dir='ltr'><em>fuerit</em></span> <span class='ocrx_word' id='word_1_132' title='bbox 558 3274 746 3354; x_wconf 86' lang='lat' dir='ltr'><em>revelatum,</em></span> <span class='ocrx_word' id='word_1_133' title='bbox 763 3275 954 3340; x_wconf 89' lang='lat' dir='ltr'><em>alterutrum</em></span> <span class='ocrx_word' id='word_1_134' title='bbox 973 3277 1066 3341; x_wconf 90' lang='lat' dir='ltr'><em>nobis</em></span> <span class='ocrx_word' id='word_1_135' title='bbox 1087 3298 1214 3342; x_wconf 86' lang='lat' dir='ltr'><em>enarre·</em></span> 
     </span>
     <span class='ocr_line' id='line_1_21' title="bbox 144 3378 1216 3470; baseline 0.004 -22"><span class='ocrx_word' id='word_1_136' title='bbox 144 3395 256 3448; x_wconf 78' lang='lat' dir='ltr'><em>tomus.</em></span> <span class='ocrx_word' id='word_1_137' title='bbox 286 3378 424 3449; x_wconf 76' lang='lat' dir='ltr'><em>&#39;Eadem</em></span> <span class='ocrx_word' id='word_1_138' title='bbox 451 3395 548 3448; x_wconf 91' lang='lat' dir='ltr'><em>nocte</em></span> <span class='ocrx_word' id='word_1_139' title='bbox 571 3382 746 3448; x_wconf 85' lang='lat' dir='ltr'><em>revelatum</em></span> <span class='ocrx_word' id='word_1_140' title='bbox 769 3383 909 3448; x_wconf 84' lang='lat' dir='ltr'><em>Andreae</em></span> <span class='ocrx_word' id='word_1_141' title='bbox 932 3405 972 3448; x_wconf 84' lang='lat' dir='ltr'><em>ex</em></span> <span class='ocrx_word' id='word_1_142' title='bbox 992 3384 1157 3470; x_wconf 86' lang='lat' dir='ltr'><em>apostolis,</em></span> <span class='ocrx_word' id='word_1_143' title='bbox 1179 3398 1216 3452; x_wconf 86' lang='lat' dir='ltr'><em>ut</em></span> 
     </span>
     <span class='ocr_line' id='line_1_22' title="bbox 175 3490 1211 3576; baseline 0 -18"><span class='ocrx_word' id='word_1_144' title='bbox 175 3491 479 3576; x_wconf 82' lang='lat' dir='ltr'><em>recognoscentibus</em></span> <span class='ocrx_word' id='word_1_145' title='bbox 499 3491 624 3557; x_wconf 90' lang='lat' dir='ltr'><em>cunctis</em></span> <span class='ocrx_word' id='word_1_146' title='bbox 644 3490 799 3557; x_wconf 86' lang='lat' dir='ltr'><em>Johannis</em></span> <span class='ocrx_word' id='word_1_147' title='bbox 820 3492 1009 3574; x_wconf 85' lang='lat' dir='ltr'><em>(Johannes,</em></span> <span class='ocrx_word' id='word_1_148' title='bbox 1025 3493 1211 3576; x_wconf 70' lang='lat' dir='ltr'><em>Fieiudcll.)</em></span> 
     </span>
     <span class='ocr_line' id='line_1_23' title="bbox 175 3600 1214 3687; baseline 0.007 -25"><span class='ocrx_word' id='word_1_149' title='bbox 175 3621 230 3665; x_wconf 89' lang='lat' dir='ltr'><em>suo</em></span> <span class='ocrx_word' id='word_1_150' title='bbox 252 3600 383 3665; x_wconf 89' lang='lat' dir='ltr'><em>nomine</em></span> <span class='ocrx_word' id='word_1_151' title='bbox 402 3614 521 3666; x_wconf 85' lang='lat' dir='ltr'><em>cuncta</em></span> <span class='ocrx_word' id='word_1_152' title='bbox 539 3600 745 3666; x_wconf 86' lang='lat' dir='ltr'><em>describeret.</em></span> <span class='ocrx_word' id='word_1_153' title='bbox 789 3603 831 3665; x_wconf 93' lang='lat' dir='ltr'><em>Et</em></span> <span class='ocrx_word' id='word_1_154' title='bbox 851 3602 926 3682; x_wconf 88' lang='lat' dir='ltr'><em>ideo</em></span> <span class='ocrx_word' id='word_1_155' title='bbox 947 3602 1024 3667; x_wconf 89' lang='lat' dir='ltr'><em>licet</em></span> <span class='ocrx_word' id='word_1_156' title='bbox 1043 3604 1127 3687; x_wconf 79' lang='lat' dir='ltr'><em>varia</em></span> <span class='ocrx_word' id='word_1_157' title='bbox 1148 3604 1214 3669; x_wconf 91' lang='lat' dir='ltr'><em>sin·</em></span> 
     </span>
     <span class='ocr_line' id='line_1_24' title="bbox 173 3708 1214 3796; baseline 0.006 -22"><span class='ocrx_word' id='word_1_158' title='bbox 173 3708 259 3793; x_wconf 79' lang='lat' dir='ltr'><em>gulis</em></span> <span class='ocrx_word' id='word_1_159' title='bbox 271 3710 512 3796; x_wconf 84' lang='lat' dir='ltr'><em>evangeliorum</em></span> <span class='ocrx_word' id='word_1_160' title='bbox 527 3710 617 3775; x_wconf 86' lang='lat' dir='ltr'><em>libris</em></span> <span class='ocrx_word' id='word_1_161' title='bbox 632 3710 787 3796; x_wconf 88' lang='lat' dir='ltr'><em>principia</em></span> <span class='ocrx_word' id='word_1_162' title='bbox 802 3710 992 3791; x_wconf 83' lang='lat' dir='ltr'><em>doceantur,</em></span> <span class='ocrx_word' id='word_1_163' title='bbox 1007 3712 1087 3778; x_wconf 89' lang='lat' dir='ltr'><em>nihil</em></span> <span class='ocrx_word' id='word_1_164' title='bbox 1105 3726 1214 3780; x_wconf 89' lang='lat' dir='ltr'><em>tamen</em></span> 
     </span>
     <span class='ocr_line' id='line_1_25' title="bbox 170 3815 1213 3902; baseline 0.001 -15"><span class='ocrx_word' id='word_1_165' title='bbox 170 3815 279 3887; x_wconf 79' lang='lat' dir='ltr'><em>‚differt</em></span> <span class='ocrx_word' id='word_1_166' title='bbox 302 3817 503 3884; x_wconf 90' lang='lat' dir='ltr'><em>credentium</em></span> <span class='ocrx_word' id='word_1_167' title='bbox 529 3818 604 3882; x_wconf 87' lang='lat' dir='ltr'><em>fidei</em></span> <span class='ocrx_word' id='word_1_168' title='bbox 630 3817 733 3901; x_wconf 87' lang='lat' dir='ltr'><em>(fides,</em></span> <span class='ocrx_word' id='word_1_169' title='bbox 758 3817 958 3902; x_wconf 63' lang='lat' dir='ltr'><em>nstitui),</em></span> <span class='ocrx_word' id='word_1_170' title='bbox 982 3843 1058 3884; x_wconf 89' lang='lat' dir='ltr'><em>cum</em></span> <span class='ocrx_word' id='word_1_171' title='bbox 1073 3845 1149 3888; x_wconf 87' lang='lat' dir='ltr'><em>uno</em></span> <span class='ocrx_word' id='word_1_172' title='bbox 1175 3845 1213 3888; x_wconf 87' lang='lat' dir='ltr'><em>ao</em></span> 
     </span>
     <span class='ocr_line' id='line_1_26' title="bbox 133 3924 1211 4015; baseline 0.008 -28"><span class='ocrx_word' id='word_1_173' title='bbox 133 3937 164 3987; x_wconf 81' lang='lat'><em>25</em></span> <span class='ocrx_word' id='word_1_174' title='bbox 172 3925 338 4014; x_wconf 85' lang='lat' dir='ltr'><em>principali</em></span> <span class='ocrx_word' id='word_1_175' title='bbox 349 3927 463 4015; x_wconf 86' lang='lat' dir='ltr'><em>spiritu</em></span> <span class='ocrx_word' id='word_1_176' title='bbox 472 3927 633 3991; x_wconf 81' lang='lat' dir='ltr'><em>declarata</em></span> <span class='ocrx_word' id='word_1_177' title='bbox 645 3924 709 3989; x_wconf 91' lang='lat' dir='ltr'><em>sint</em></span> <span class='ocrx_word' id='word_1_178' title='bbox 721 3925 754 3989; x_wconf 91' lang='lat' dir='ltr'><em>in</em></span> <span class='ocrx_word' id='word_1_179' title='bbox 766 3926 917 3991; x_wconf 87' lang='lat' dir='ltr'><em>omnibus</em></span> <span class='ocrx_word' id='word_1_180' title='bbox 930 3929 1039 3993; x_wconf 85' lang='lat' dir='ltr'><em>omnia</em></span> <span class='ocrx_word' id='word_1_181' title='bbox 1049 3929 1089 3994; x_wconf 92' lang='lat' dir='ltr'><em>de</em></span> <span class='ocrx_word' id='word_1_182' title='bbox 1101 3931 1211 3996; x_wconf 85' lang='lat' dir='ltr'><em>nativi·</em></span> 
     </span>
    </p>
   </div>
   <div class='ocr_carea' id='block_1_8' title="bbox 601 4170 782 4312">
    <p class='ocr_par' dir='ltr' id='par_1_8' title="bbox 601 4170 782 4312">
     <span class='ocr_line' id='line_1_27' title="bbox 601 4170 782 4230; baseline 0 -14"><span class='ocrx_word' id='word_1_183' title='bbox 601 4179 612 4204; x_wconf 82' lang='lat'><strong>¹</strong></span> <span class='ocrx_word' id='word_1_184' title='bbox 630 4170 688 4216; x_wconf 89' lang='lat' dir='ltr'><em>Luc.</em></span> <span class='ocrx_word' id='word_1_185' title='bbox 701 4183 753 4230; x_wconf 87' lang='lat' dir='ltr'><em>cap.</em></span> <span class='ocrx_word' id='word_1_186' title='bbox 766 4170 782 4216; x_wconf 88' lang='lat' dir='ltr'><em>i.</em></span> 
     </span>
     <span class='ocr_line' id='line_1_28' title="bbox 664 4261 722 4312; baseline -0.017 0"><span class='ocrx_word' id='word_1_187' title='bbox 664 4267 687 4312; x_wconf 88' lang='lat' dir='ltr'>B</span> <span class='ocrx_word' id='word_1_188' title='bbox 703 4261 722 4311; x_wconf 81' lang='lat'>2</span> 
     </span>
    </p>
   </div>
   <div class='ocr_carea' id='block_1_9' title="bbox 0 0 1346 4740">
    <p class='ocr_par' dir='ltr' id='par_1_9' title="bbox 0 0 1346 4740">
     <span class='ocr_line' id='line_1_29' title="bbox 0 0 1346 4740; baseline 0 4"><span class='ocrx_word' id='word_1_189' title='bbox 0 0 1346 4740; x_wconf 95' lang='lat' dir='ltr'><em> </em></span> 
     </span>
    </p>
   </div>
  </div>
 </body>
</html>
