2684 4740
234 332 296 383 210
329 313 569 383 ARCHELAI
591 318 648 382 ET
665 316 875 386 MANETIS
894 313 1185 387 Dassn'rmo.

232 495 333 571 atque
345 484 537 568 maledictis,
549 487 672 553 donans
686 487 732 552 eis
748 486 889 577 injurias.
927 491 1011 569 Nec,
1025 486 1110 555 sieut
1119 489 1272 577 Moyses,

219 643 220 648 1
236 592 405 660 severitate
422 617 499 660 usus
519 609 570 661 ert
588 596 683 683 legis,
705 597 785 662 nulli
805 595 1006 682 indulgendo
1023 594 1193 685 injuriam
1215 594 1275 662 sed

235 699 290 765 hie
304 701 396 783 dixit,
409 703 456 767 1si
469 702 541 791 quis
552 725 667 792 passus
675 704 769 770 merit
780 705 957 793 aproximo
972 726 1032 770 suo
1046 703 1209 790 injenium,
1223 703 1274 769 in-

238 808 373 895 dulgeat
386 833 451 876 non
466 812 567 878 semel
580 823 720 892 tantum,
741 813 852 878 sedet
872 834 932 878 neo
955 813 1109 895 monnio,
1129 833 1190 879 nee
1209 825 1277 878 ter-

237 918 297 998 tio,
317 941 372 984 nee
395 919 496 985 solnm
518 920 641 1007 septies,
663 921 718 986 sed
740 921 946 1010 septuagesies
970 921 1101 1008 septies:
1132 920 1277 1009 quodsi

235 1040 313 1114 post
332 1028 405 1094 haee
422 1027 571 1117 injuriam
598 1030 810 1118 pennamerit
827 1028 1016 1116 irrogandO,
1036 1041 1114 1095 tuno
1138 1029 1276 1096 demum

235 1135 303 1224 legi
327 1157 402 1202 eum
425 1137 542 1203 debere
562 1138 775 1206 succumbere
799 1137 924 1224 Moysi,
953 1159 1013 1204 nee
1039 1137 1126 1205 ultra
1147 1137 1276 1204 venian

235 1243 306 1311 dari
328 1245 370 1326 ei,
389 1245 496 1336 quiin
516 1244 640 1333 injuriis
661 1258 851 1332 perseverat,
873 1266 949 1309 oum
970 1244 1032 1310 sibi
1052 1245 1276 1333 septuagesies

236 1355 354 1441 septies
382 1353 479 1420 fuerit
506 1353 678 1419 indultum.
721 1357 799 1420 Non
823 1354 934 1420 'solum
962 1366 1069 1418 autom
1097 1351 1187 1433 huie,
1214 1353 1279 1419 sed

233 1463 337 1530 'etiam
354 1464 381 1529 si
393 1463 464 1551 quir
477 1464 560 1529 Filio
575 1463 717 1529 hominis
729 1463 890 1529 intulisset
901 1462 1065 1550 irsjmiam,
1077 1463 1203 1530 veniam
1215 1463 1277 1529 de-

236 1572 296 1640 dit.
341 1574 377 1638 si
392 1595 464 1640 vero
479 1573 611 1661 Spiritui
625 1568 756 1652 Sancto,
772 1571 900 1638 duobus
914 1592 992 1636 eum
1010 1571 1153 1639 subdidit
1172 1571 1279 1638 male·

236 1681 345 1763 dictis,
355 1681 393 1747 id
408 1694 458 1748 est
470 1682 585 1770 Moysi
599 1681 691 1768 legis,
707 1693 740 1745 et
749 1703 843 1759 suae3
864 1680 979 1767 Moysi
995 1679 1127 1767 quidem
1140 1678 1175 1744 in
1190 1699 1277 1767 prae·

177 1811 182 1819 ·
232 1791 332 1870 senti,
356 1813 424 1856 suae
445 1812 518 1856 vero
540 1790 573 1854 in
591 1789 708 1877 judieii
723 1802 888 1876 tempore3
911 1789 958 1854 ait
971 1789 1056 1853 enim
1071 1788 1278 1877 immoque

237 1899 270 1964 in
287 1899 342 1964 hoc
355 1900 466 1981 semla,
481 1921 579 1986 neque
594 1899 750 1986 insulare
773 1898 952 1971 remittatur
972 1898 1012 1965 ei.
1054 1899 1171 1988 Moysi
1186 1920 1278 1986 ergo

236 2008 289 2073 lex
316 2021 376 2087 est,
399 2031 472 2095 quae
501 2010 534 2074 in
561 2009 712 2096 prasenti
736 2007 850 2074 ‘seculo
880 2008 961 2074 nulli
986 2007 1111 2073 veniam
1134 2007 1277 2087 mibuit·;

235 2103 362 2182 Christi
378 2119 452 2181 vero
464 2129 524 2196 est,
541 2139 614 2204 quse
629 2117 768 2181 vindicat
782 2115 816 2180 in
831 2116 954 2181 futuro.
997 2118 1048 2183 Ex
1067 2114 1131 2182 hoc
1146 2117 1279 2183 istum
1326 2196 1329 2203 Ι

236 2225 512 2314 quemadmodum
525 2225 696 2289 confirmat
712 2225 833 2312 legem,
854 2246 919 2289 non
938 2225 1044 2290 solum
1065 2222 1277 2300 raon-solvens

236 2355 320 2413 earn,
335 2333 393 2398 sed
406 2332 555 2419 implens.
588 2333 737 2400 Redemit
750 2355 831 2420 ergo
847 2354 903 2398 eos
917 2334 960 2398 ab
975 2354 1026 2411 eo,
1040 2331 1129 2420 quod
1144 2332 1179 2397 in
1188 2352 1277 2420 prae,-

237 2443 319 2508 senti
340 2441 483 2528 positum
504 2453 583 2520 erat,
602 2441 777 2507 maledicto
795 2442 889 2528 legis,
911 2462 952 2506 ex
974 2463 1040 2528 quo
1063 2439 1276 2508 Maledictum

236 2552 315 2640 legis
329 2551 523 2638 appellatum
532 2563 598 2615 est.
630 2553 712 2615 Haec
726 2550 940 2638 omnislmjus
950 2549 1272 2616 sermonisestratio.

233 2661 306 2725 -Cur
319 2672 427 2725 autem
443 2660 571 2725 ³Virtns
581 2659 704 2744 peccati
713 2659 797 2723 Mota
810 2659 852 2723 sit
866 2659 931 2738 len,
946 2680 1007 2744 pro
1022 2646 1141 2727 uiribus
1155 2661 1272 2725 nonnis

234 2771 372 2836 breviter
386 2791 594 2855 exponemus.
640 2769 804 2855 Scriptum
812 2790 853 2847 ,es
882 2769 980 2845 enim,
994 2772 1012 2806 ⁴
1025 2766 1111 2854 Quae
1114 2768 1206 2853 justo
1220 2767 1272 2832 lea

235 2902 298 2944 non
312 2889 358 2942 ast
370 2878 485 2962 posita,
500 2878 552 2941 sed
566 2878 702 2963 injustis,
720 2889 750 2942 at
763 2900 830 2942 non
851 2876 993 2955 reciditis,
1011 2877 1130 2962 impiis,
1154 2888 1186 2942 at
1209 2898 1271 2941 soe·

237 2987 334 3051 lestis.
379 2988 457 3050 Non
470 3007 548 3072 ergo
564 2999 632 3050 erat
643 2998 724 3050 runc
738 2988 789 3052 lex
806 2987 906 3052 literas
927 2987 1034 3072 posita
1057 2986 1272 3074 delinquenti·

236 3099 298 3164 bus
313 3108 386 3161 ante
400 3096 552 3181 Moysen,
568 3096 701 3160 undeet
718 3097 840 3160 Pharao
855 3097 1004 3182 ignorans
1019 3095 1172 3162 virtutem
1195 3118 1271 3183 pec·

235 3206 310 3286 cati,
332 3204 538 3289 delinquebat
560 3203 703 3291 affligens
727 3204 853 3290 injustis
879 3203 1031 3270 oneribus
1053 3203 1139 3270 filins
1162 3204 1272 3282 Israel,

235 3317 398 3384 divinitate
420 3316 578 3401 neglecta,
605 3336 669 3377 non
696 3313 803 3377 solum
824 3312 905 3398 ipse,
933 3313 988 3376 sed
1011 3324 1045 3376 et
1067 3333 1196 3392 omnes,
1216 3313 1271 3398 qui

234 3448 309 3494 cum
324 3448 363 3490 eo
379 3437 479 3488 erant.
522 3424 645 3488 Verum
663 3440 702 3484 ne
717 3434 789 3485 utar
805 3419 952 3507 longiore
973 3419 1123 3498 circuitu,
1139 3420 1270 3486 'brevius

234 3535 350 3601 dicam.
393 3535 494 3596 Erant
504 3529 638 3616 quidam
651 3527 886 3615 AEgyptiorum
894 3527 1036 3598 admixti
1049 3548 1127 3596 cnm
1142 3528 1269 3615 ,pomula

234 3642 359 3729 Moysi,
373 3663 448 3704 cum
464 3641 505 3702 ab
519 3661 559 3703 eo
574 3650 739 3724 regenerus
754 3637 895 3723 populus
916 3638 950 3702 in
970 3638 1122 3716 desert03
1144 3649 1268 3702 meeum

233 3753 370 3845 Moyses
383 3749 508 3835 positus
523 3760 608 3812 esset
622 3748 654 3811 in
667 3759 788 3826 monte,
799 3768 860 3833 pro
874 3768 914 3812 eo
930 3758 966 3811 ut
980 3747 1141 3835 acciperet
1153 3746 1270 3833 legem,

232 3848 401 3946 impatiens
420 3857 674 3942 populus,1³non
694 3855 759 3934 ille,
776 3855 832 3939 qui
852 3877 921 3918 vere
943 3870 1011 3921 erat
1035 3854 1195 3934 Israelita,
1211 3852 1269 3921 ssd

264 4042 276 4080 s
294 4035 352 4084 Non
364 4031 582 4093 paucaprimitivae
592 4029 708 4083 Ecclesiae
717 4004 796 4079 Patres
806 4031 993 4083 exsudaeorum
1001 4032 1267 4094 sententiamseni-

231 4132 280 4178 ιιι,
293 4127 322 4166 ut
327 4131 363 4165 ex
372 4116 421 4172 his,
438 4128 494 4175 qnae
511 4113 536 4161 in
552 4113 630 4174 capite
641 4112 765 4174 sequeno,
774 4121 802 4161 et
810 4113 841 4162 ad
850 4112 981 4174 Theophili
992 4112 1152 4167 Memini
1163 4114 1266 4176 dupun-

258 4228 474 4280 ¹Mat.xviii.sr.
514 4225 624 4274 ‘²Mat.
635 4225 679 4272 xii.
690 4233 731 4274 aa.
765 4217 768 4223 ’
796 4225 1003 4276 Mean-xmo·
1068 4226 1187 4276 ⁴1Tim.
1198 4226 1214 4275 i.
1226 4237 1247 4278 9.
