2684 4740
501 311 835 379 racusanus.
1126 326 1186 398 129

141 480 267 553 daudet,
281 493 313 542 ut
334 483 468 551 idemmet
487 485 528 541 ait
545 486 575 541 iu
593 486 763 563 prefatione
783 487 818 543 ad
837 483 957 542 Palladii
975 483 1133 558 Dialogrun
1147 482 1181 543 de

142 565 206 621 vita
216 566 247 622 S.
258 564 380 623 loannis
393 566 591 641 chrysostomi
607 586 695 643 prope
708 566 805 634 finem,
818 567 867 623 sed
881 575 982 642 postea
994 565 1182 623 hanocumm

142 643 180 699 iis
193 643 354 721 relinquere
368 647 456 703 satius
471 646 563 713 duxit,
579 648 626 722 qui
641 666 745 704 novam
759 647 913 703 editionem
930 663 1048 722 operum
1066 645 1094 702 S·.
1108 644 1181 722 Epi·

142 724 246 859 ppanii
267 727 428 801 aggressuri
449 737 554 791 essent,
580 737 630 783 aut
651 728 700 802 qui
721 727 846 783 Socratis
868 726 995 781 historiae
1016 744 1081 781 cum
1103 725 1180 781 notis

176 805 317 861 notissimi
332 805 437 862 Valesii
452 824 547 862 rursus
561 807 677 863 edeudae
696 823 812 882 opernm
831 807 1017 882 susciperent.
1059 806 1099 861 Et
1111 805 1181 861 hac·

85 946 88 957 g
144 894 232 945 tenus
244 886 359 960 quidem
374 885 416 942 nil
428 885 505 942 aliud
519 904 553 941 ex
568 887 702 943 Archelai
716 887 909 963 disputatione
925 885 1067 962 publicam
1088 884 1182 947 lucem

143 966 269 1040 aspexit.
303 967 487 1023 Cumautem
503 967 582 1022 Sacri
597 966 668 1023 Loci
683 967 841 1023 reverentia
854 967 965 1030 ductus,
981 965 1119 1021 Casinum
1132 984 1181 1023 ve.

143 1045 265 1113 bissem,
281 1054 310 1102 et
324 1045 360 1102 ab
374 1047 578 1121 antiquissimis
595 1045 772 1123 temporibus
791 1047 934 1101 conditam
954 1044 993 1101 ibi
1013 1064 1030 1101 a
1048 1045 1181 1102 doctissi-

145 1125 199 1179 mis
225 1144 306 1200 aeque
329 1145 364 1182 ae
388 1127 574 1182 sanctissimis
599 1126 818 1183 Coeuobiarchis
843 1125 1048 1182 bibliothecam
1072 1124 1182 1202 perlus-

143 1211 280 1272 trassem,
294 1206 370 1262 inter
388 1205 443 1262 alia
462 1225 521 1263 nou
540 1225 632 1282 pauca
647 1207 752 1263 inedita
766 1207 859 1262 adbuc
873 1215 970 1261 vetera
985 1216 1180 1274 monumenta,

145 1283 284 1341 Archelai
303 1286 446 1362 integram
461 1305 526 1342 cum
545 1285 664 1342 Manete
678 1287 902 1363 disputationem
921 1287 951 1341 in
970 1294 1182 1356 sexcentorum,

144 1376 175 1420 et
199 1364 332 1441 amplius
348 1385 489 1423 annorum
510 1367 607 1423 codice
628 1368 731 1444 reperi,
753 1386 838 1442 quam
859 1365 937 1423 bona
956 1366 1184 1424 reverendissimi

145 1445 293 1519 quondam
306 1445 439 1515 Abbatis,
456 1465 532 1503 nunc
546 1465 614 1502 vero
630 1447 838 1523 archiepiscopi
856 1446 1046 1504 Rossanensis
1060 1447 1183 1505 Andreas

145 1520 276 1582 Deodati
296 1527 349 1582 riri
368 1527 577 1593 humanissimi,
593 1538 678 1603 atque
692 1528 855 1584 amicissimi
871 1528 964 1592 venia,
980 1546 1044 1582 curn
1059 1526 1185 1585 nonnul·

145 1601 180 1659 lis
202 1603 267 1661 aliis
286 1616 412 1663 veterum
432 1608 544 1684 scriptis
565 1608 592 1663 iu
614 1607 760 1664 Vaticanae
779 1607 962 1664 bibliotheca
984 1617 1185 1666 oruamentum

145 1684 300 1742 transcribi
321 1688 427 1753 curavi,
443 1706 570 1764 operam,
584 1687 767 1762 favoremque
786 1706 868 1742 suum
886 1687 1090 1743 humanissime
1111 1707 1183 1763 prae-

145 1774 243 1821 stante
263 1764 383 1823 Domuo
404 1768 571 1842 Augustino
591 1767 741 1824 Collicello
762 1787 778 1823 a
800 1767 935 1844 Neapoli,
957 1777 1026 1822 tunc
1047 1769 1184 1843 temporis

145 1842 333 1903 bibliothecae
356 1846 602 1924 illiuspraefecto.
642 1848 712 1905 Non
735 1866 852 1924 possum
876 1857 973 1903 tamen
996 1847 1045 1903 hic
1069 1846 1184 1906 silentio

146 1926 295 2002 praeterire
313 1938 452 2001 quantum
474 1928 684 2003 diligentissimi
703 1927 818 1984 alterius
838 1927 1050 1983 bibliothecarii
1070 1927 1185 1987 Erasini

146 2004 276 2061 Gattolre
289 2024 307 2063 a
321 2005 424 2084 Cajeta
441 2007 613 2064 humanitati
633 2007 762 2073 debeam,
782 2009 830 2082 qui
852 2027 999 2082 uunquam
1017 2008 1087 2063 meis
1109 2011 1184 2066 rotis

146 2084 251 2154 defuit,
265 2085 460 2163 plurimosque
473 2089 503 2143 iu
518 2107 647 2144 meorum
660 2088 819 2144 studiorum
835 2087 995 2165 profectum
1015 2087 1127 2145 labores
1143 2089 1187 2147 ul·

145 2173 193 2222 tro
207 2165 326 2233 subivit,
340 2168 496 2243 praesertim
515 2169 544 2224 iu
564 2167 749 2225 emaculauda
763 2169 817 2224 hac
831 2169 1025 2244 disputatione
1040 2167 1186 2238 Archelai,

146 2243 229 2321 cujus
243 2248 405 2324 apographi
418 2247 542 2324 plurima
554 2248 620 2305 loca
634 2248 742 2304 mendis
756 2248 934 2315 incubantia,
949 2268 1013 2305 cum
1029 2249 1185 2326 archetypo

146 2324 248 2382 codice
258 2327 392 2385 contulit.
417 2328 474 2384 Sed
488 2338 520 2384 ut
533 2328 568 2386 ad
579 2327 752 2385 Archelaum
766 2328 890 2397 redeam,
899 2338 1013 2406 reperto
1023 2330 1080 2386 hoc
1090 2338 1187 2386 vetus-

146 2406 263 2465 tissimo
279 2408 413 2464 aduersus
430 2407 610 2465 Manichaeos
624 2427 721 2486 opere,
736 2409 772 2465 ad
789 2409 906 2465 nefaria
924 2408 1079 2465 eorundem
1095 2410 1186 2466 hare·

147 2502 213 2543 seos
226 2487 377 2544 historiam
392 2487 630 2545 conscribendam
649 2490 774 2545 animum
789 2490 913 2554 admovi,
929 2490 1011 2564 eique
1025 2507 1084 2545 uon
1099 2489 1185 2546 modo

147 2565 291 2640 integram
304 2567 440 2624 Archelai
454 2565 688 2644 disputationem,
704 2570 752 2624 sed
772 2578 802 2624 et
820 2569 920 2624 Photii
938 2569 1107 2645 patriarcha
1127 2568 1186 2628 ΟΡ.

146 2644 237 2703 libros
252 2649 291 2705 iv.
305 2648 438 2704 adversus
452 2646 632 2705 Manichaeos
647 2668 699 2705 suo
713 2657 843 2725 tempore
855 2648 959 2703 iterum
974 2657 1101 2713 exortos,
1115 2647 1188 2709 alias.

146 2744 205 2801 que
223 2726 315 2784 multa
331 2728 425 2785 adhuc
446 2729 565 2797 inedita,
580 2730 734 2805 magnique
747 2727 880 2785 facienda
893 2738 1020 2785 veterum
1034 2736 1186 2787 auctorum

147 2807 257 2884 scripta
269 2808 434 2885 appendicis
449 2808 514 2864 loco
528 2807 702 2887 subjungere
717 2810 913 2866 decreveram:
938 2808 986 2864 sed
1003 2807 1185 2865 doctissimo-

146 2904 211 2943 rum
225 2889 352 2945 virorum
365 2887 487 2945 consilio
500 2888 611 2945 factum
629 2898 683 2955 est,
698 2898 731 2945 ut
749 2882 778 2945 iri
800 2898 979 2945 antecessum
998 2898 1063 2944 acta
1081 2889 1137 2944 ista
1155 2888 1187 2945 in

146 2967 243 3041 primo
263 2968 441 3025 collectionis
461 2977 567 3025 nostra
585 2978 666 3025 tomo
683 2970 842 3027 ederentur.
885 2969 984 3026 Habes
999 2969 1107 3044 itaque,
1121 2987 1187 3025 eru·

146 3046 209 3103 dite
221 3046 325 3115 lector,
338 3049 481 3123 integram
494 3046 635 3105 Archelai
648 3069 712 3104 cum
732 3049 852 3105 Manete
871 3049 1095 3126 disputationem
1108 3048 1188 3106 bona

146 3126 204 3183 fide
224 3146 261 3184 ex
282 3129 450 3206 apographo
470 3129 634 3185 Catinensis
653 3130 769 3197 codicis,
783 3129 863 3205 quod
873 3130 903 3184 in
918 3129 1059 3185 Vaticana
1079 3128 1187 3186 biblio·

147 3207 235 3264 theca
258 3217 397 3275 servatur,
422 3209 538 3275 editam,
558 3208 748 3284 brevibusque
771 3210 848 3265 notia
872 3209 978 3264 criticis
1003 3208 1185 3277 illustratam,

146 3297 237 3363 atque
252 3287 302 3344 ubi
315 3306 365 3365 per
379 3290 526 3363 ingenium
541 3298 605 3345 tuto
618 3289 710 3355 licuit,
723 3290 917 3358 emendatam3
934 3298 1002 3344 sunt
1015 3289 1091 3343 enim
1105 3289 1136 3345 in
1150 3307 1186 3345 eo

147 3368 250 3424 codice
268 3367 378 3426 librarii
399 3368 561 3445 sphalmata
579 3368 711 3447 plurima,
726 3388 788 3444 quoe
803 3370 864 3423 siue
879 3367 994 3423 alterius
1009 3368 1115 3424 codicis
1130 3387 1187 3446 ope

147 3448 302 3505 emendare
314 3448 507 3525 periculosum
523 3459 659 3505 conatum
673 3467 745 3517 esse,
760 3448 850 3524 probe
864 3448 968 3514 sciunt,
983 3448 1031 3523 qui
1045 3449 1076 3503 in
1089 3458 1187 3505 vetus·

146 3529 187 3584 tis
210 3529 325 3605 seriptis
349 3528 464 3584 edendis
488 3537 674 3605 occupantur.
717 3528 772 3585 Sed
793 3529 916 3584 fortasse
937 3529 993 3585 hoc
1018 3546 1101 3604 opus,
1119 3527 1187 3587 Deo

147 3609 253 3675 dante,
261 3608 417 3666 correctius
431 3609 567 3680 recudere
579 3608 623 3666 fas
637 3609 691 3665 erit
705 3628 769 3665 cum
784 3609 847 3666 aliis
861 3620 988 3665 veterum
1009 3608 1188 3686 Scriptorum

147 3687 285 3745 adversus
304 3689 485 3745 Manichaeos
505 3687 753 3747 lucubrationibus
774 3690 811 3745 ad
831 3689 938 3746 calcem
958 3698 1065 3744 nostra
1087 3688 1187 3745 Mani-

145 3768 296 3825 chaeorum
315 3770 456 3836 historiae,
471 3769 496 3825 si
512 3768 629 3845 aliquod
650 3769 728 3826 aliud
748 3768 893 3845 exemplar
913 3769 988 3824 inter
1009 3768 1187 3826 lustrandum

144 3847 390 3906 bibliothecarum
405 3858 567 3906 nostrarum
581 3848 691 3906 loculos
705 3858 848 3915 occurrat,
863 3857 914 3905 aut
932 3849 962 3904 in
981 3848 1044 3905 aliis
1060 3849 1187 3927 Europae

144 3926 334 3986 bibliothecis
354 3937 510 4007 repertum,
534 3930 606 3986 mihi
629 3931 850 3996 communicare,
876 3928 1002 3986 eruditos
1025 3929 1101 3985 viros
1126 3947 1187 3986 uon

166 4008 256 4082 ignat.

143 4027 167 4165 P·
190 4087 336 4145 Craterum
355 4108 492 4166 magnum
514 4109 550 4146 ex
569 4089 706 4147 Archelai
726 4090 819 4146 nostri
837 4089 930 4146 verbis
952 4088 1100 4147 catholicae
1120 4087 1187 4145 fidei

145 4167 327 4247 presidium,
339 4179 426 4247 atque
439 4179 640 4229 ornamentum
653 4170 773 4228 accedit.
808 4165 891 4226 Nam
906 4172 973 4243 dum
987 4169 1113 4226 Manetis
1127 4169 1188 4237 ha·

195 4264 272 4311 Vola
302 4266 356 4312 IV·
676 4267 702 4311 K
