2684 4740
160 314 204 401 7⁸
338 310 486 380 casm
508 306 820 378 runcnuoms
842 296 1030 376 reuicta.

159 485 289 573 scripsit
301 484 483 571 epistolam,
497 504 667 572 quousque
680 482 797 548 dictavi
810 481 869 548 illi.
914 483 991 566 Ipse
1003 479 1114 547 dicere
1127 490 1210 568 pot·-

158 610 223 662 est.
257 594 406 661 AElianus
425 593 599 681 proconsul
616 593 717 658 dixit:
740 592 879 658 Constat
900 613 982 679 ergo
995 591 1112 656 falsam
1133 608 1210 657 esse

158 704 354 793 epistolam?
384 704 577 770 Caecilianus
592 702 777 790 respondit:
801 702 952 781 Constat,
966 701 1124 781 maine,
1136 722 1209 767 uon

155 816 299 882 mentior
311 816 345 880 iu
359 816 517 903 sanguine
529 836 615 880 meo.
643 813 793 879 AElianus
807 811 982 898 proconsul
995 811 1095 877 dixit:
1112 810 1205 877 Cum

156 924 397 991 duumviratum
421 924 526 1012 egeris
551 924 585 989 in
609 923 713 1010 patria
734 936 800 1002 tua,
821 936 953 1008 oportet
973 921 1070 987 fidem
1097 920 1203 987 verbis

155 1034 223 1101 tuis
238 1033 367 1100 habere.
403 1034 609 1122 Apronianus
628 1033 729 1098 dixit:
751 1033 825 1097 Nec
841 1052 959 1099 novum
978 1044 1030 1097 est
1051 1029 1118 1095 illis
1135 1029 1204 1096 hoc

154 1143 274 1211 facere.
300 1145 456 1211 Cetemm
470 1158 505 1210 et
518 1144 600 1209 actio
612 1141 804 1208 addiderunt
818 1141 906 1229 quod
919 1141 1105 1209 volraeruut.
1124 1141 1202 1207 Jam

153 1255 328 1321 artificium
347 1254 490 1320 catillis.
524 1253 673 1320 AElianus
687 1253 862 1340 proconsul
880 1252 983 1318 dixit:
1002 1254 1056 1320 Ex
1073 1251 1203 1338 ptos*

153 1363 248 1428 aiom
258 1363 440 1442 ceciliani,
456 1363 513 1451 qui
528 1374 601 1428 acta
614 1363 728 1428 falsata
744 1383 815 1429 esse
832 1361 913 1427 dicit
932 1374 1032 1450 atque
1051 1360 1202 1448 epistola)

154 1471 297 1559 plurima
309 1472 430 1552 addita,
444 1471 654 1537 manifestum
668 1483 719 1536 est
731 1492 796 1559 qua
810 1471 975 1537 voluntate
993 1471 1066 1537 haec
1084 1478 1202 1559 gesse'*

153 1585 197 1653 rit
212 1587 392 1674 Ingentiuo.
435 1588 478 1652 Et
492 1586 569 1653 ideo
582 1585 756 1674 recipiatur
767 1587 800 1653 in
813 1608 987 1652 carcerem.
1031 1588 1094 1652 Est
1111 1586 1201 1653 enirn

152 1697 282 1763 arctiori
298 1697 542 1784 interrogationi
556 1697 760 1762 necessarius.
786 1695 927 1761 Felicem
939 1707 1051 1762 autem
1064 1693 1202 1783 religio·

153 1827 227 1870 aum
247 1806 438 1894 episcopum
459 1806 596 1872 liberum
618 1827 690 1887 esse
710 1806 753 1871 ab
772 1806 941 1870 exustione
961 1805 1199 1871 instrumento·

153 1934 226 1980 rum
240 1912 427 1980 deificorum
442 1915 648 1982 manifestum
660 1926 722 1994 est,
733 1936 810 1980 cum
825 1936 923 1980 nemo
936 1916 970 1979 in
983 1935 1060 1983 eum
1075 1912 1200 2002 aliquid

152 2023 290 2111 probare
305 2025 448 2110 potuerit
461 2024 552 2112 quod
564 2024 820 2112 religiosissimas
837 2021 1011 2110 scripturas
1028 2022 1201 2089 tradiderit

152 2133 203 2198 vel
225 2133 400 2198 extutuerit.¹
442 2133 600 2198 Omnium
625 2133 710 2199 enim
738 2132 951 2220 interrogatio
977 2130 1200 2220 suprascripta

152 2241 430 2321 manifestatam,
443 2242 549 2307 nullas
567 2243 741 2329 scripturas
761 2241 891 2314 deificas
905 2243 954 2308 vel
971 2242 1133 2324 iuventas,
1149 2242 1201 2319 vel

151 2365 333 2438 corruptas,
349 2353 399 2419 vel
412 2352 557 2417 incensas
571 2351 682 2417 fuisse
711 2352 786 2417 Hoc
801 2355 881 2418 actis
894 2353 1092 2434 continetur,
1106 2352 1199 2442 quod

152 2461 242 2526 Felix
255 2462 426 2549 episcopus
446 2461 615 2546 religiosus
634 2461 699 2526 illis
718 2463 920 2549 temporibus
934 2485 1040 2550 neque
1051 2484 1198 2551 praesens

148 2570 258 2650 fuerit,
284 2593 388 2659 neque
413 2570 644 2637 conscientiam
669 2571 975 2652 accommodaverit,
1000 2572 1198 2660 nequeunte

149 2679 273 2765 aliquid
292 2680 359 2745 lieri
375 2679 519 2766 jusserit.
556 2679 729 2766 Agesilaus
748 2679 849 2747 dixit:
871 2683 925 2746 De
939 2681 990 2746 his
1005 2681 1064 2769 qui
1077 2681 1119 2748 ad
1135 2684 1198 2770 poss

149 2798 300 2853 testatem
315 2799 450 2851 vestram
466 2787 686 2852 instruendam
700 2802 856 2859 venerunt
869 2789 947 2877 quid
965 2789 1064 2876 jubet
1083 2803 1196 2878 potet·

148 2907 198 2959 tas
214 2897 293 2961 tua?
323 2895 471 2961 AElianus
489 2898 665 2983 proconsul
685 2897 787 2967 dixit:
812 2901 1022 2966 Revertantur
1041 2900 1084 2967 ed
1103 2900 1198 2967 sedes

148 3025 234 3069 tuas.
1189 3018 1194 3027 '

192 3113 338 3198 Explicit
355 3118 423 3192 (sic)
442 3115 540 3181 Geato
554 3119 760 3207 Purgationis
775 3119 888 3185 Felicis
903 3121 1037 3206 episcopi
1049 3120 1196 3187 Autum-

147 3222 251 3289 uitoni
270 3222 457 3288 ordinatoris
478 3225 642 3292 Caeciliani
662 3228 877 3322 Carthaginis.
912 3233 1025 3294 Extant
1039 3234 1072 3291 in
1089 3233 1196 3311 volit,

148 3334 266 3395 Macen
280 3333 381 3413 steps.
395 3330 508 3395 aanor:
521 3357 551 3417 p.
562 3339 692 3400 sr-so.

488 3504 847 3558 -φ-α-

152 3649 403 3734 EPISTOLA
432 3651 792 3727 IMPERATORIS
817 3657 1195 3765 CONSTANTINI

237 3799 296 3856 nn
316 3798 567 3859 asoarnxmu
587 3797 898 3867 raocoxsuamt
918 3808 1100 3881 Annium,

213 3925 270 4007 Ex
290 3923 463 4011 Augustini
481 3925 537 3990 lib.
556 3925 601 3990 iii.
625 3926 739 3992 Contra
763 3931 958 4000 cresconiam
979 3957 1053 4022 cap.
1076 3953 1129 4005 81.

448 4043 478 4096 et
493 4032 596 4118 Epist.
608 4033 747 4101 lxxxviii.
763 4058 834 4125 cap.
848 4051 880 4103 4.
1184 4030 1189 4038 ’

189 4167 473 4233 incestuosas
482 4164 624 4232 Caesares
639 4167 766 4234 Flavius
778 4171 1011 4250 Constantinus
1021 4179 1199 4250 Maximus

144 4272 335 4346 ottalanus
344 4271 526 4363 Licinianus.
536 4274 679 4359 Licinius
691 4277 849 4349 Probiano
857 4286 1046 4369 proconsuli
1053 4288 1197 4361 Africa.
