2684 4740
123 310 186 380 250
220 287 457 359 ARCHELAI
478 290 535 354 ET
553 286 763 355 MANETIS
781 286 1080 355 Dlsrurn'rlo.

124 461 269 529 accusabo
285 459 369 544 opud
382 463 520 524 Patrem.
564 458 628 524 Est
649 458 705 545 qui
727 481 780 524 vos
800 471 921 524 accuset
941 462 1087 549 Moyses,
1098 462 1171 528 *in

125 596 216 663 quem
227 595 278 638 vos
292 569 422 656 speratis
430 596 443 648 ,·
464 570 492 634 si
505 569 587 634 euim
601 568 782 634 laederetis
792 571 914 656 Moysi,
925 574 1173 642 crederetis-nti,

125 702 186 768 quc
198 690 229 744 et
244 678 321 742 milti
329 705 342 758 ,·
363 678 401 742 dc
414 699 463 740 me
475 676 559 740 enim
572 675 628 740 itte
640 676 776 761 scripsit.
815 677 907 762 Quod
919 679 948 743 si
962 678 1065 745 literis
1079 680 1170 746 illios

125 814 187 855 non
209 788 344 868 creditis,
367 786 515 875 quomodo
536 785 636 850 verbis
656 787 733 851 meis
754 787 913 853 credetis?
957 792 1044 856 Sunt
1067 792 1170 859 etiam

125 899 447 983 ¹¹1·aliamulta,quae
467 894 530 959 dici
548 907 679 982 possent
700 908 734 960 et
755 895 797 960 de
816 898 981 984 Apostolo
1004 902 1172 982 Puu103et

127 1010 168 1075 de
184 1006 374 1092 Evangeliis,
389 1004 558 1091 exquibus
576 1003 745 1069 ostendere
766 1027 940 1091 possumus
961 1023 1103 1076 veterem
1122 1012 1172 1078 le·

126 1139 203 1204 gem
226 1138 290 1180 non
312 1135 382 1178 esse
404 1112 546 1191 alterius,
567 1132 665 1198 quam
687 1113 836 1192 Domini,
859 1116 954 1203 cuj-us
973 1133 1027 1184 eut
1049 1132 1171 1187 novum

127 1227 385 1300 Testamentum,
406 1243 479 1306 quae
502 1242 561 1284 nos
583 1228 807 1306 competenter
827 1238 1027 1311 ”exponere
1054 1242 1172 1318 etap-

127 1349 196 1400 tare
215 1331 373 1398 convenit.
408 1331 482 1394 Jam
503 1351 611 1415 vesper
629 1330 777 1416 impedit,
799 1333 866 1398 dies
886 1336 973 1401 enim
995 1339 1175 1419 clauditur,

129 1457 163 1509 et
183 1443 278 1507 finem
301 1462 360 1504 nos
381 1439 565 1524 disputandi
587 1439 694 1503 facere
718 1461 777 1525 par
801 1457 871 1524 est3
895 1447 1038 1512 crastino
1058 1460 1173 1514 autem

129 1567 145 1600 ⁰
156 1553 259 1633 nobis,
273 1551 313 1615 de
329 1549 447 1636 quibus
460 1547 552 1612 tibi
535 1547 669 1628 videtur,
684 1549 879 1635 quaestiones
894 1552 1111 1683 habeanturs
1133 1559 1174 1622 Et

132 1663 183 1728 his
198 1662 292 1727 dictis
306 1660 555 1724 discesseruntt.
1090 1693 1094 1697 -

173 1772 298 1837 XLVI.
323 1769 409 1833 Cum
427 1780 536 1832 autem
550 1788 644 1830 manc
658 1769 780 1831 factum
800 1784 897 1852 esset,
920 1773 1031 1839 subito
1051 1773 1174 1839 adven·

131 1881 211 1947 tavit
234 1880 416 1944 Archelaus
443 1878 484 1941 ad
509 1875 676 1941 castellum
703 1877 802 1958 hunc,
830 1880 862 1943 in
889 1903 957 1967 quo
982 1884 1175 1950 morabatur

132 1991 311 2068 Diodorus,
327 1990 510 2075 priusquam
524 1987 657 2050 omnino
673 1988 844 2074 quisquam
856 1989 900 2053 nd
912 1992 1083 2076 publicum
1098 2002 1174 2079 pro·

132 2101 271 2167 cederet.
315 2100 432 2161 Manes
459 2118 533 2160 vero
558 2097 710 2182 ignorans
734 2112 925 2182 presentem
950 2122 1023 2166 esse
1045 2101 1175 2169 Arche,

132 2208 233 2286 laum,
246 2227 372 2270 rursum
385 2203 568 2268 Diodorum
583 2202 778 2288 provocabat
793 2204 835 2268 ad
849 2206 1085 2291 publicum,·ut
1096 2230 1173 2273 cum

132 2337 175 2380 eo
189 2312 406 2399 disputatione
420 2311 640 2390 contenderet,
654 2311 761 2375 volens
775 2333 848 2376 eum
863 2315 968 2379 verbis
979 2318 1177 2402 opprimere,-

134 2446 229 2490 exeo
244 2421 332 2509 quod
348 2420 543 2498 advertebat,
558 2441 632 2483 eum
648 2419 812 2484 hominem
834 2443 904 2486 esse
925 2425 1121 2511 simplicem,
1141 2443 1175 2492 et

136 2558 201 2600 nou
220 2533 296 2598 satis
315 2531 543 2617 scripturarum
561 2528 795 2615 quaestionibus
812 2532 997 2612 eruditum3
1020 2536 1175 2603 Archelai

135 2645 221 2710 enim
249 2641 404 2708 doctrinae
425 2638 495 2726 jam
521 2649 708 2724 perceperat
731 2651 878 2723 gustum.
924 2640 1010 2706 Cum
1037 2660 1176 2730 ergoet

136 2756 239 2821 turbae
270 2750 490 2816 convenissent
513 2746 554 2810 ad
581 2745 711 2810 solitum
739 2745 964 2832 disputationis
990 2749 1115 2833 locum,
1143 2767 1177 2818 et

137 2865 254 2927 Manes
264 2860 333 2946 jam
348 2858 444 2920 verba
458 2857 562 2919 facere
578 2854 740 2940 coepisset,
754 2855 863 2919 subito
877 2857 921 2920 in·
932 2859 1043 2925 medio
1062 2881 1178 2925 eorum
1208 2844 1215 2855 ⁰

137 2969 286 3056 apparuit
299 2965 492 3042 Archelaus,
505 2985 543 3027 ac
561 2963 744 3027 Diodorum
765 2965 966 3050 complexus,
989 2978 1109 3034 sonctn
1124 2988 1178 3034 oe·

138 3077 213 3145 culo
228 3075 389 3140 salutavit.
433 3072 600 3137 Diodorus
619 3093 704 3150 vero,
727 3084 760 3136 et
778 3094 902 3152 omnes,
923 3075 980 3160 qui
1002 3086 1177 3162 praesent'es

138 3200 241 3265 erant,
257 3182 405 3248 admirati
421 3195 496 3245 sunt
511 3202 594 3266 opus
608 3179 724 3245 divinae
738 3160 958 3265 providentiae,
980 3196 1018 3248 ut
1038 3185 1074 3249 in
1093 3198 1177 3248 tem·

138 3319 217 3386 pore
232 3297 302 3382 ipso
317 3292 503 3357 adventaret
517 3288 709 3367 Archelaus,
727 3311 793 3375 quo
808 3291 945 3375 quaestio
968 3295 1178 3373 moveb‘utur3

138 3430 173 3473 re
195 3405 280 3470 enim
305 3424 388 3480 vera,
408 3399 496 3486 quod
517 3396 684 3462 latendum
707 3412 767 3477 est,
784 3401 874 3486 quasi
896 3423 935 3464 ex
956 3419 1048 3488 parte
1069 3404 1185 3492 aliqua*

171 3631 186 3669 k
203 3628 339 3678 easinensis
350 3627 436 3683 codex,
446 3626 542 3689 Moyses,
552 3640 624 3690 quem.
635 3624 707 3673 lectio
717 3624 853 3684 rejicienda.

175 3713 181 3746 ¹
199 3714 281 3760 Codex
293 3709 426 3764 Bobiensis‚
438 3707 526 3753 creditis
537 3705 621 3769 Moysi,
632 3705 746 3751 crederitis
754 3707 917 3770 utiqueforsan
926 3715 948 3754 et
957 3708 1023 3756 mihi.

172 3803 190 3831 m
201 3793 285 3839 Codex
297 3789 444 3844 Casinensis,
454 3787 503 3833 alia
509 3786 645 3850 plurajam,
655 3803 706 3850 quae
714 3785 760 3832 dici
766 3787 858 3848 possint.

173 3874 285 3922 Codex
296 3870 430 3926 Bobtensrs
442 3877 545 3928 exponere
534 3868 737 3913 eeraPatrceut
737 3884 807 3912 oesrnv
808 3868 827 3913 it
828 3882 902 3929 ‚quae
912 3869 986 3916 verba
1001 3882 1072 3919 cum
1079 3868 1179 3918 „uuum

141 3959 230 4007 habere
239 3967 339 4002 sensum
349 3951 446 3999 vidisset
455 3948 575 4005 Valesius,
585 3966 612 3994 ex
595 3958 688 4011 xeponer
677 3958 720 3994 eet
727 3949 805 4010 rpperi
806 3966 828 3994 re
806 3959 864 3994 rur
874 3951 986 4007 sennenn
994 3953 1184 4012 mmmm

141 4054 192 4087 esse
204 4036 310 4099 putavit:
328 4041 353 4079 et
363 4030 462 4092 quidem
474 4043 525 4075 non
536 4038 608 4084 recte,
620 4037 648 4075 ut
658 4043 689 4076 cx
701 4028 824 4077 casinensi
834 4031 918 4078 codice
927 4041 1036 4092 apparet.

175 4119 284 4165 ⁰Codex
296 4111 419 4159 BobIensis
430 4124 480 4156 non
492 4118 564 4166 recte,
576 4108 646 4158 nobis.

174 4204 187 4245 Ρ
206 4199 264 4247 Huc
275 4207 356 4256 usquc
364 4190 438 4239 edsdrt
446 4189 566 4239 Valesius.
