2684 4740
99 319 116 329 e
157 294 219 355 tto
356 267 503 349 GESTA
523 278 650 348 APUD
669 270 993 349 zeNorH-rtutt.

154 449 212 536 qui
225 463 322 536 supra
332 464 407 518 sunt
416 447 616 538 interrogati,
627 462 735 517 tamen
747 463 784 516 tu
798 451 951 519 confinre
965 459 1077 518 oman
1090 448 1238 517 Sitra-

154 579 215 623 nus
222 558 357 626 traditor
366 559 418 625 sit.
433 560 546 626 Victor
555 559 652 627 dixit:
662 561 831 626 cSecundo
841 560 944 648 petito
952 556 1123 650 quomodo
1130 556 1238 627 boo·-

155 665 288 747 dimisit,
299 681 336 734 ut
349 668 540 736 duceremur
550 669 591 735 ad
604 668 837 756 Carthaginem
844 692 854 749 3
869 691 925 735 ore
937 667 1038 755 ipsius
1047 663 1234 754 episcopi.

154 773 277 841 audivi:
298 783 321 817 “
329 779 416 843 Data
430 790 480 843 est
492 777 573 842 mihi
587 777 716 845 lucerna
729 790 893 864 argentea,
904 790 939 847 et
952 775 1134 863 capitulata
1146 797 1217 843 sr—

152 896 282 970 gentea,
295 898 329 951 et
345 886 402 953 has
418 885 565 952 tradidi.”
601 887 797 972 Zenophilus
811 889 855 954 V.
866 887 905 953 C.
919 885 1053 953 Victori.¹
1061 885 1212 953 &msu-

153 992 212 1063 rici
219 991 315 1058 dixit:
329 994 362 1061 A
373 1017 439 1081 quo
450 993 586 1060 audisti?
603 995 717 1061 Victor
728 995 824 1062 dixit:
840 996 874 1061 A
887 994 1016 1062 Silvano
1026 993 1205 1082 episcopo.

153 1102 355 1189 Zenophilus
373 1104 418 1168 V.
434 1103 474 1168 C.
494 1103 670 1169 consularis
688 1105 815 1170 Victori
831 1103 935 1171 dixit:
960 1102 1016 1168 Ab
1034 1103 1114 1190 'ipso
1135 1125 1203 1169 au·

152 1207 229 1275 disti
243 1211 332 1298 quod
347 1211 550 1277 tradidisset?
575 1213 691 1278 Victor
705 1213 806 1280 dixit:
828 1214 885 1281 Ab
898 1215 970 1302 ipso
985 1212 1092 1280 audivi
1104 1212 1205 1301 quod

152 1321 219 1391 suis
235 1321 383 1387 manibus
397 1321 577 1387 tradidisset
591 1322 672 1387 illas.
694 1323 895 1410 Zenophilus
905 1325 949 1390 V.
961 1323 1001 1388 C.
1011 1321 1112 1389 dixit:
1127 1321 1213 1389 Ubi.

151 1429 291 1496 audisti?
314 1432 430 1497 Victor
442 1431 541 1497 dixit:
559 1434 598 1497 In
612 1431 754 1498 basilice.
789 1433 989 1520 Zenophilus
1001 1433 1048 1498 V.
1061 1430 1104 1496 C.
1117 1452 1203 1498 oon·

152 1540 264 1607 sularis
278 1541 380 1606 dixit:
403 1541 503 1628 Apud
518 1540 785 1608 Constantinam?
810 1543 926 1608 Victor
940 1540 1036 1607 dixit:
1058 1539 1197 1612 lbiooe·

150 1650 202 1737 pit
221 1652 341 1739 alioqui
362 1652 520 1739 populum
541 1651 671 1717 dicens:
694 1653 747 1717 De
760 1674 826 1738 quo
846 1652 960 1718 dicunt
980 1671 1035 1715 me
1055 1649 1195 1729 tradito·

151 1783 221 1826 rem
236 1783 318 1840 esse,
332 1761 373 1825 de
385 1762 516 1827 lucerna
531 1774 565 1826 et
579 1760 771 1846 capitulata?
796 1759 995 1846 Zenophilus
1007 1761 1052 1826 V.
1063 1758 1105 1824 C.
1117 1781 1193 1827 con·

152 1870 265 1947 ,sularis
289 1871 493 1936 Nundinnrio
516 1871 617 1937 dixit:
646 1870 737 1936 Quid
762 1870 850 1935 aliud
873 1883 968 1956 putas
989 1889 1028 1933 ex
1050 1867 1104 1933 his
1126 1886 1192 1941 osae

152 1980 384 2066 quaerendum?
415 1979 634 2046 Nundinerius
648 1980 746 2046 dixit:
767 1980 821 2043 De
835 1979 927 2065 cupis
941 1978 1019 2058 fisci,
1034 1977 1112 2064 quia
1124 1977 1192 2047 illu

121 2142 130 2164 ,
151 2087 238 2154 tulit.
261 2085 460 2174 Zenophilus
472 2091 513 2154 V.
525 2089 564 2153 C.
579 2089 754 2154 consularis
768 2088 973 2154 Nundinario
987 2087 1085 2153 dixit:
1102 2087 1192 2159 Quat

151 2200 273 2284 cupas?
304 2196 525 2262 Nundinarius
539 2197 640 2263 dixit:
665 2199 703 2261 In
719 2198 843 2284 templo
862 2196 988 2283 Serapis
1001 2196 1148 2277 fuerunt,
1160 2208 1194 2267 et

148 2305 227 2372 tulit
247 2307 317 2370 illas
341 2307 516 2392 Purpurius
535 2306 727 2392 episcopus:
751 2321 880 2377 acetum
896 2304 984 2394 quod
1000 2306 1193 2384 habuensnt,

151 2416 227 2482 tulit
245 2417 326 2482 illud
347 2416 492 2482 Silvanus
512 2416 694 2502 episcopus,
713 2416 856 2481 Dontius
872 2415 1052 2503 presbyter,
1069 2425 1106 2481 et
1124 2415 1191 2481 Lu·

147 2527 272 2593 cianus.
315 2526 514 2613 Zenophilus
537 2527 579 2593 V.
597 2525 637 2589 C.
662 2524 836 2590 consularis
861 2521 1066 2589 Nundinario
1088 2520 1192 2589 dixit:

149 2636 266 2703 Sciunt
285 2636 319 2700 id
340 2638 463 2701 factum
479 2635 536 2722 qui
553 2635 734 2701 adsistunt?
766 2632 988 2699 Nundinarius
1003 2630 1191 2717 respondit:

146 2745 276 2810 Sciunt.
321 2746 488 2811 Diaconus
513 2745 704 2810 Saturninus
730 2742 833 2809 dixit:
867 2743 1028 2810 Dicebant
1052 2741 1193 2830 majoma

148 2855 253 2922 nostri
279 2854 355 2940 quia
379 2854 514 2918 sublatae
543 2866 629 2919 sunt.
674 2853 874 2938 Zenophilus
894 2853 939 2918 V.
954 2852 995 2918 C.
1016 2850 1194 2947 considetis

149 2963 250 3029 dixit:
265 2962 297 3028 A
313 2985 379 3049 quo
395 2963 530 3027 sublatae
545 2962 718 3028 dicuntur?
743 2963 933 3028 Saturninus
948 2960 1047 3029 dixit:
1062 2960 1098 3027 A
1114 2962 1193 3027 Pur·

146 3072 245 3161 purio
261 3072 426 3159 episcopo,
441 3086 475 3137 et
489 3084 618 3137 acetum
632 3094 653 3136 a
667 3071 796 3137 Silvano
811 3084 845 3136 et
863 3071 990 3136 Dontio
1005 3080 1039 3134 et
1056 3068 1193 3156 Superio

148 3182 344 3270 presbyteris
359 3191 398 3247 'et
416 3181 562 3247 Lucieno
583 3181 731 3247 diacono.
767 3180 990 3246 Nundinarius
1009 3177 1111 3243 dixit:
1130 3176 1193 3256 ,Vi-

144 3292 234 3379 ginti
247 3294 341 3358 folles
355 3292 456 3371 dedit,
471 3304 505 3356 et
519 3292 623 3355 iactus
639 3301 689 3355 est
701 3289 868 3376 presbyter
882 3289 1018 3353 Victor?
1046 3283 1192 3353 Saturni·

145 3423 211 3467 -nus
226 3401 318 3466 dixit.
342 3404 362 3445 ’i‘
385 3403 428 3464 Et
449 3422 525 3464 cum
540 3398 674 3478 diceret,
691 3395 892 3482 Zenophilus
906 3397 949 3462 V.
960 3395 1001 3461 C.
1014 3391 1192 3467 consulerit

151 3507 323 3572 Saturnino
346 3505 448 3571 dixit:
477 3504 541 3571 Cui
564 3503 675 3570 dedit?
714 3501 905 3567 Saturninus
930 3498 1030 3563 dixit:
1061 3496 1191 3563 Silvano

150 3615 315 3703 episcopo.
353 3612 553 3700 Zenophilus
573 3613 617 3679 V.
634 3612 673 3677 C.
696 3610 872 3676 consularis
895 3608 1068 3675 Saturnino
1088 3606 1191 3685 dixit:

145 3726 249 3810 Ergo,
270 3737 307 3789 ut
328 3724 418 3793 fieret
438 3723 618 3810 presbyter,
641 3719 769 3786 Silvano
789 3719 943 3807 episcopo
962 3716 1076 3804 viginti
1095 3715 1191 3791 ioli&

145 3834 317 3921 praemium
343 3833 455 3901 dedit?
496 3833 684 3899 Saturninus
710 3833 812 3898 dixit:
838 3830 952 3897 Dedit.
990 3828 1192 3915 Zenophilus

147 3946 191 4011 V.
202 3944 243 4009 C.
258 3944 434 4010 consularis
450 3943 624 4015 Saturnino
638 3942 735 4011 dixit:
759 3943 848 4009 Ante
866 3941 1029 4011 Silvanum
1042 3939 1191 4028 potitum

148 4056 218 4121 est?
242 4053 433 4118 Saturninus
448 4051 545 4117 dixit:
560 4051 649 4118 Ante
663 4050 848 4125 cathedram
863 4048 1192 4137 episcoporum-:Ze

147 4140 298 4253 teophilus
311 4165 355 4232 V.
368 4161 409 4227 C.
422 4161 599 4235 consularis
613 4160 818 4228 Nundinario
831 4159 913 4229 dixit
926 4184 935 4224 :
957 4160 1074 4247 Aque
1086 4178 1190 4248 pocus

313 4297 385 4362 esa.
396 4298 550 4349 ascenso.
570 4296 724 4362 coatras
738 4294 925 4361 numana
936 4292 1021 4347 nara
