2684 4740
223 283 587 357 latratuum.
608 276 798 355 luceru
820 278 1094 357 scurrrours.
1151 305 1189 373 ιι

141 452 222 551 itte,
245 469 479 537 verumtamen,
495 454 653 543 quidquid
670 454 716 519 de
736 454 842 519 Marci
862 454 1067 540 discipulatu,
1082 469 1139 521 aut
1153 455 1193 523 de

117 615 121 619 ,
142 547 276 611 Joanne
296 545 427 622 Marco,
445 542 608 620 statuitur,
623 540 833 609 nihilomiuus
853 553 962 626 potest
981 540 1059 620 fieri,
1079 552 1114 607 ut
1130 541 1194 615 hu-

141 628 293 717 iusmodi
308 627 386 715 qnid
398 639 514 694 auctor
528 626 703 712 fragmenti
717 646 824 691 revera
839 625 1015 712 scripsisset
1030 653 1039 692 r
1062 628 1194 694 Marcus

141 713 324 799 discipulus
336 723 367 778 et
382 712 533 798 interpres
549 711 639 777 Petri
649 712 751 795 juncta
771 710 853 796 pund
866 713 997 775 Petrum
1010 711 1194 796 referentem

143 799 300 878 adurit,
319 799 399 882 (huc
412 820 517 885 usque
532 797 727 882 Hieronymi
739 796 834 860 verba
848 796 956 875 affero,
969 796 1021 861 De
1037 796 1126 863 Viris
1139 799 1194 869 Ill.

147 907 179 951 c.
188 888 234 968 8.)
248 885 385 970 digessit
398 906 449 948 res
463 895 571 969 gestas
585 904 606 946 a
618 881 777 960 Domino,
792 880 903 967 quibus
919 892 1024 945 tamen
1037 883 1196 970 interfuit,

146 981 179 1037 et
195 970 245 1034 ito
256 969 374 1055 posuit.
419 967 512 1033 Idem
526 965 607 1032 illud
622 967 662 1030 de
678 969 772 1031 Petro
787 978 820 1030 et
833 968 950 1031 Marco
965 966 1196 1056 habeutprae·

146 1068 200 1121 ter
224 1055 452 1154 presbyterum
476 1054 651 1138 Papiauum
673 1053 845 1130 loannem,
865 1054 1019 1131 Irenaeus,
1042 1053 1196 1121 Clemens

146 1140 402 1219 Alexandrinus,
426 1139 600 1225 Origenes,
623 1137 797 1215 Eusebius,
819 1137 1095 1225 Epiphaniusqne.
1138 1141 1199 1207 Ait

147 1224 372 1291 liertulliauus
392 1246 524 1311 quoque
541 1223 598 1288 lib.
610 1223 653 1287 iv.
667 1222 740 1289 ndu.
756 1221 914 1291 Marcion.
927 1245 1000 1309 cap.
1014 1239 1045 1288 5.
1064 1226 1198 1292 Merene

148 1309 237 1397 quad
248 1309 361 1390 edidit,
373 1309 463 1387 Petri
476 1307 642 1395 effrenari,
655 1309 743 1394 enjus
759 1308 910 1393 interpres
922 1309 1065 1381 Marcus.
1095 1313 1197 1403 Porro

151 1395 355 1481 euangelium
377 1394 479 1459 hoca
500 1397 626 1461 Joanue
648 1394 798 1480 apostolo
818 1394 1066 1480 comprobatum
1088 1396 1197 1478 fuisse,

148 1479 251 1545 tradit
264 1479 425 1545 Eusebius
440 1480 498 1545 lih.
509 1479 555 1545 iii.
571 1479 659 1543 Hirt.
673 1501 745 1565 cap.
755 1491 807 1543 24.

149 1609 155 1617 -
193 1565 250 1629 Ad
271 1563 406 1629 Eusebii
424 1565 521 1631 verba
537 1563 627 1652 quod
647 1565 763 1630 attinet
781 1564 816 1629 in
833 1562 892 1629 lib.
907 1562 940 1628 ii.
956 1563 1045 1630 Hirt.
1063 1588 1136 1653 cap.
1151 1582 1198 1632 15.

134 1662 186 1716 -et
197 1649 258 1715 lib.
270 1646 311 1714 viss
325 1671 399 1736 cap.
412 1663 461 1714 14.
478 1649 519 1714 de
533 1648 640 1715 Marci
652 1649 818 1735 evaugelio
839 1649 954 1734 posita,
970 1672 1044 1736 quae
1060 1665 1199 1738 utroque

149 1734 228 1803 loeo
246 1756 289 1799 ex
300 1757 371 1799 uno
385 1734 498 1799 eodem
525 1755 565 1799 ue
581 1734 762 1811 Clemente,
777 1734 804 1798 si
819 1735 921 1801 modo
936 1735 1114 1801 Clementis
1128 1738 1199 1803 lue·

152 1819 217 1885 rint
239 1821 507 1920 Hypotyposes'
536 1843 574 1899 ae,
595 1841 670 1906 quaa
696 1819 800 1883 multa
824 1819 938 1883 saltem
965 1819 1078 1887 frivola
1101 1834 1200 1922 atque

153 1904 294 1969 absurda
307 1905 530 1984 construebant,
545 1904 718 1990 desumpta
729 1916 824 1981 suut3
841 1905 921 1968 mihi
938 1903 1070 1991 quidem
1087 1908 1133 1973 ita
1145 1907 1201 1975 alla

151 1989 470 2076 cmcilianda-atque
485 1989 723 2076 interpretanda
737 1989 894 2068 videntur,
906 2004 943 2054 ut
958 2004 1141 2059 statuantur
1150 1993 1202 2066 ibi

151 2073 295 2140 Romani
310 2076 474 2154 Marcum,
486 2075 543 2160 qui
560 2074 643 2140 Petri
651 2074 780 2160 jamdiu
793 2075 910 2139 fuisset
922 2087 1074 2157 sectator,
1086 2100 1200 2165 rogas-

153 2180 202 2239 se,
217 2171 256 2224 ut
275 2182 349 2247 quse
360 2158 453 2233 ‚dicta
467 2161 509 2225 ab
526 2159 643 2224 eodem
661 2173 778 2239 essent,
794 2159 1024 2238 conscriberet,
1038 2175 1071 2228 et
1089 2177 1202 2249 postea

151 2264 266 2309 mum
279 2244 554 2309 communicaret.
597 2245 674 2309 Hoc
695 2267 770 2309 vero
788 2267 825 2310 ro
850 2256 940 2311 atum
960 2247 1017 2311 ubi
1037 2248 1133 2313 Petro
1150 2247 1202 2315 in·

153 2329 326 2407 notuisset,
341 2351 401 2397 uec
420 2328 624 2415 prohibuisse
643 2341 718 2394 eum
739 2351 805 2393 rem
825 2266 905 2408 ieri,
919 2352 1025 2418 neque
1045 2347 1082 2401 ut
1101 2333 1202 2412 fieret,

153 2410 318 2479 incitasse.
362 2416 411 2479 ua
429 2436 504 2480 vero
525 2415 679 2500 perfecti,
692 2437 769 2483 cum
791 2415 991 2501 evangelium
1015 2419 1202 2489 confectum

153 2496 255 2563 tuisse
276 2498 428 2579 novisset,
453 2500 583 2564 Petrum
604 2498 722 2563 librum
746 2499 838 2568 illum
864 2502 1055 2565 auctoritate
1079 2524 1139 2571 sua
1161 2503 1202 2569 li-

154 2581 246 2647 hcnti
259 2583 370 2649 auimo
385 2584 626 2670 comprobasse,
641 2599 678 2648 ut
692 2583 842 2669 deinceps
860 2584 892 2646 in
915 2583 1202 2672 ecclesiisleg'ere·

156 2678 221 2731 tur.
267 2667 432 2732 Caeterum
448 2670 560 2753 quanti
574 2668 757 2733 faciendum
778 2668 820 2731 sit
836 2666 1014 2753 ,Papianum
1036 2668 1077 2733 de
1097 2672 1204 2743 Marci

152 2752 323 2838 emsgelio
338 2752 576 2837 ‚testimonium
595 2774 635 2817 ex
657 2773 713 2817 ore
730 2753 865 2817 loannis
884 2754 1065 2840 presbyteri
1086 2778 1203 2843 accep·

143 2850 244 2921 luam,
262 2859 360 2923 supra
377 2837 421 2901 ad
441 2839 567 2903 Paetus
590 2840 783 2924 Fragmenta
803 2837 969 2917 admonui,
985 2840 1047 2904 vol.
1061 2840 1088 2911 Ι,
1104 2863 1138 2928 p.
1151 2849 1203 2907 36.

152 2919 215 3006 qui
233 2932 270 2985 et
288 2922 413 3007 primus
431 2922 579 2987 omnium
602 2923 793 2989 nominatim
816 2922 858 2987 de
879 2923 913 2987 S.
933 2924 1088 2992 Matthaei
1108 2949 1203 2995 evan·

150 3004 247 3091 gello
261 3008 539 3073 commemoravit.

151 3136 156 3141 -
200 3090 237 3155 Ρ.
248 3103 280 3155 a.
293 3091 319 3155 1.
331 3103 362 3166 7.
384 3093 478 3157 etita
492 3092 613 3177 posuit]
629 3093 675 3157 H.
687 3113 717 3157 e.
731 3091 832 3157 literis
846 3091 1019 3173 mandavit,
1031 3093 1096 3163 sive
1111 3117 1203 3161 com·

152 3228 158 3240 .
219 3175 279 3239 uit.

153 3194 289 3327 -poibid
303 3259 327 3323 l.
341 3273 371 3324 8.
393 3259 513 3326 librum
538 3261 682 3327 secundo
706 3261 847 3345 Lucam]
862 3262 970 3341 Anne,
995 3262 1073 3329 liber
1095 3288 1202 3337 samn-

123 3402 131 3410 .
153 3341 232 3407 duan
244 3343 394 3409 wana?
415 3345 573 3432 Reposuit
587 3361 621 3413 et
635 3347 841 3435 Freindaller.
854 3348 1031 3426 secundnm,
1043 3349 1100 3435 qui
1116 3364 1203 3420 recte

154 3427 298 3508 monuit,
311 3429 538 3516 antiquitatem
557 3431 655 3516 hujus
669 3431 863 3517 epigraphes
881 3454 940 3501 seu
958 3432 1045 3503 tituli
1063 3456 1201 3522 evange·

157 3508 274 3577 liornm
289 3534 331 3578 ex
345 3513 408 3578 hoc
422 3517 619 3600 Fragmenta
636 3516 774 3581 ostendi.

156 3650 176 3661 ..
201 3594 286 3663 ibid.
300 3596 324 3664 l.
336 3616 368 3676 9.
389 3621 465 3665 cum
484 3620 525 3665 eo
546 3600 669 3667 Paulus
682 3601 773 3687 quasi
794 3615 833 3667 ut
848 3602 932 3690 juris
953 3601 1134 3679 studiosum
1150 3629 1202 3675 se·

154 3680 304 3747 cundum
317 3682 541 3762 adsumsisset,
556 3686 687 3751 numeni
707 3708 767 3751 sun
786 3708 826 3751 ex
845 3688 997 3773 opinione
1010 3691 1200 3779 'concriset.]

160 3765 303 3833 lineolae
325 3782 507 3854 separantes
533 3770 637 3851 (lineae
661 3784 736 3856 post
749 3793 864 3847 ¹voces,
884 3774 1061 3854 secandune,
1081 3797 1201 3847 ossum»

160 3848 258 3930 sisset,
283 3873 351 3930 sno,
378 3853 555 3919 comeret
583 3855 758 3939 (cumbet)
788 3879 808 3921 a
833 3858 1037 3927 Freindsller.
1068 3861 1198 3942 addite)

160 3935 376 4021 suspicionem
403 3960 510 4015 meam
539 3939 648 4005 hiatus
678 3941 871 4007 omissurum
903 3965 1017 4009 vonum
1046 3945 1200 4018 indicant.

158 4017 350 4103 sphalmata
367 4021 581 4120 giammatica
596 4038 684 4103 sunt,
698 4049 731 4091 eo
750 4048 811 4112 pro
829 4049 910 4106 enm,
929 4028 1055 4095 numeni
1068 4050 1128 4112 pro
1143 4047 1201 4094 na-

158 4103 251 4183 rniae,
266 4119 444 4173 comesset
465 4129 524 4192 pro
544 4109 781 4194 assumpsisset.
827 4112 1009 4196 Propositio
1028 4113 1089 4179 sub

156 4190 389 4276 superindue
398 4193 543 4272 tantm,
557 4194 686 4280 penitus
701 4195 910 4288 desideratur.
947 4199 1037 4279 Quae
1048 4133 1201 4277 remi
