<?xml version="1.0" encoding="UTF-8"?>
<!DOCTYPE html PUBLIC "-//W3C//DTD XHTML 1.0 Transitional//EN"
    "http://www.w3.org/TR/xhtml1/DTD/xhtml1-transitional.dtd">
<html xmlns="http://www.w3.org/1999/xhtml" xml:lang="en" lang="en">
 <head>
  <title>
</title>
<meta http-equiv="Content-Type" content="text/html;charset=utf-8" />
  <meta name='ocr-system' content='tesseract 3.04.00' />
  <meta name='ocr-capabilities' content='ocr_page ocr_carea ocr_par ocr_line ocrx_word'/>
</head>
<body>
  <div class='ocr_page' id='page_1' title='image "./reliquiaesacrae10routgoog_0035.png"; bbox 0 0 2684 4740; ppageno 0'>
   <div class='ocr_carea' id='block_1_1' title="bbox 223 222 921 335">
    <p class='ocr_par' dir='ltr' id='par_1_1' title="bbox 223 222 921 335">
     <span class='ocr_line' id='line_1_1' title="bbox 223 222 921 335; baseline 0.009 -29"><span class='ocrx_word' id='word_1_1' title='bbox 223 222 263 335; x_wconf 58' lang='lat' dir='ltr'><em>rs</em></span> <span class='ocrx_word' id='word_1_2' title='bbox 328 304 334 314; x_wconf 81' lang='grc'><strong>,</strong></span> <span class='ocrx_word' id='word_1_3' title='bbox 455 310 459 318; x_wconf 81' lang='grc'><strong>,</strong></span> <span class='ocrx_word' id='word_1_4' title='bbox 556 241 921 327; x_wconf 72' lang='lat' dir='ltr'><em>Auuornnours</em></span> 
     </span>
    </p>
   </div>
   <div class='ocr_carea' id='block_1_2' title="bbox 157 406 1315 4235">
    <p class='ocr_par' dir='ltr' id='par_1_2' title="bbox 170 406 1285 2535">
     <span class='ocr_line' id='line_1_2' title="bbox 222 406 1269 496; baseline 0.008 -25"><span class='ocrx_word' id='word_1_5' title='bbox 222 406 357 483; x_wconf 79' lang='lat' dir='ltr'><em>citarum</em></span> <span class='ocrx_word' id='word_1_6' title='bbox 377 408 513 482; x_wconf 68' lang='lat' dir='ltr'><em>oniensi</em></span> <span class='ocrx_word' id='word_1_7' title='bbox 530 408 694 496; x_wconf 75' lang='lat' dir='ltr'><em>prophetea</em></span> <span class='ocrx_word' id='word_1_8' title='bbox 714 408 898 476; x_wconf 75' lang='lat' dir='ltr'><em>cecinerant.</em></span> <span class='ocrx_word' id='word_1_9' title='bbox 932 409 1089 477; x_wconf 70' lang='lat' dir='ltr'><em>laicam</em></span> <span class='ocrx_word' id='word_1_10' title='bbox 1102 421 1207 484; x_wconf 73' lang='lat' dir='ltr'><em>aaran</em></span> <span class='ocrx_word' id='word_1_11' title='bbox 1221 410 1269 480; x_wconf 78' lang='lat' dir='ltr'><em>ad</em></span> 
     </span>
     <span class='ocr_line' id='line_1_3' title="bbox 223 476 1268 585; baseline 0.007 -27"><span class='ocrx_word' id='word_1_12' title='bbox 223 476 383 577; x_wconf 72' lang='lat' dir='ltr'><em>Ephesum</em></span> <span class='ocrx_word' id='word_1_13' title='bbox 399 494 595 572; x_wconf 82' lang='lat' dir='ltr'><em>constitutas,</em></span> <span class='ocrx_word' id='word_1_14' title='bbox 608 495 664 581; x_wconf 85' lang='lat' dir='ltr'><em>qai</em></span> <span class='ocrx_word' id='word_1_15' title='bbox 681 494 752 576; x_wconf 88' lang='lat' dir='ltr'><em>(sic)</em></span> <span class='ocrx_word' id='word_1_16' title='bbox 770 493 869 581; x_wconf 83' lang='lat' dir='ltr'><em>legera</em></span> <span class='ocrx_word' id='word_1_17' title='bbox 889 506 944 561; x_wconf 86' lang='lat' dir='ltr'><em>ton</em></span> <span class='ocrx_word' id='word_1_18' title='bbox 967 518 1041 560; x_wconf 81' lang='lat' dir='ltr'><em>nant</em></span> <span class='ocrx_word' id='word_1_19' title='bbox 1061 519 1101 562; x_wconf 79' lang='lat' dir='ltr'><em>etc</em></span> <span class='ocrx_word' id='word_1_20' title='bbox 1117 497 1268 585; x_wconf 79' lang='lat' dir='ltr'><em>gentilos</em></span> 
     </span>
     <span class='ocr_line' id='line_1_4' title="bbox 223 577 1265 682; baseline 0.009 -42"><span class='ocrx_word' id='word_1_21' title='bbox 223 577 457 664; x_wconf 74' lang='lat' dir='ltr'><em>ignorabant,·o</em></span> <span class='ocrx_word' id='word_1_22' title='bbox 471 600 564 643; x_wconf 85' lang='lat' dir='ltr'><em>cansa</em></span> <span class='ocrx_word' id='word_1_23' title='bbox 581 590 698 643; x_wconf 80' lang='lat' dir='ltr'><em>nostrae</em></span> <span class='ocrx_word' id='word_1_24' title='bbox 710 580 929 664; x_wconf 78' lang='lat' dir='ltr'><em>redemptionis</em></span> <span class='ocrx_word' id='word_1_25' title='bbox 977 581 1115 668; x_wconf 82' lang='lat' dir='ltr'><em>vangelii</em></span> <span class='ocrx_word' id='word_1_26' title='bbox 1130 583 1265 682; x_wconf 77' lang='lat' dir='ltr'><em>scampsii</em></span> 
     </span>
     <span class='ocr_line' id='line_1_5' title="bbox 222 663 1266 752; baseline 0.003 -23"><span class='ocrx_word' id='word_1_27' title='bbox 222 664 404 742; x_wconf 75' lang='lat' dir='ltr'><strong>exordium,</strong></span> <span class='ocrx_word' id='word_1_28' title='bbox 418 663 478 730; x_wconf 74' lang='lat' dir='ltr'><em>tac.</em></span> <span class='ocrx_word' id='word_1_29' title='bbox 493 663 554 728; x_wconf 70' lang='lat' dir='ltr'><em>&amp;a</em></span> <span class='ocrx_word' id='word_1_30' title='bbox 583 663 676 728; x_wconf 70' lang='lat' dir='ltr'><em>lliilrii</em></span> <span class='ocrx_word' id='word_1_31' title='bbox 688 686 722 726; x_wconf 85' lang='lat' dir='ltr'><em>er</em></span> <span class='ocrx_word' id='word_1_32' title='bbox 744 688 759 728; x_wconf 93' lang='lat' dir='ltr'><em>a</em></span> <span class='ocrx_word' id='word_1_33' title='bbox 775 666 964 729; x_wconf 84' lang='lat' dir='ltr'><em>contrarium</em></span> <span class='ocrx_word' id='word_1_34' title='bbox 978 667 1143 752; x_wconf 83' lang='lat' dir='ltr'><em>reperitur,</em></span> <span class='ocrx_word' id='word_1_35' title='bbox 1152 667 1205 732; x_wconf 82' lang='lat' dir='ltr'><em>nli</em></span> <span class='ocrx_word' id='word_1_36' title='bbox 1218 668 1266 732; x_wconf 84' lang='lat' dir='ltr'><em>ii-</em></span> 
     </span>
     <span class='ocr_line' id='line_1_6' title="bbox 222 686 1265 836; baseline 0.004 -23"><span class='ocrx_word' id='word_1_37' title='bbox 222 747 576 833; x_wconf 71' lang='lat' dir='ltr'><em>ijotdirersisscriptis,</em></span> <span class='ocrx_word' id='word_1_38' title='bbox 591 749 633 812; x_wconf 90' lang='lat' dir='ltr'><em>ad</em></span> <span class='ocrx_word' id='word_1_39' title='bbox 648 686 775 812; x_wconf 46' lang='lat' dir='ltr'><em>nonagena</em></span> <span class='ocrx_word' id='word_1_40' title='bbox 794 758 898 814; x_wconf 86' lang='lat' dir='ltr'><em>tomen</em></span> <span class='ocrx_word' id='word_1_41' title='bbox 911 752 1051 835; x_wconf 81' lang='lat' dir='ltr'><em>patriani</em></span> <span class='ocrx_word' id='word_1_42' title='bbox 1072 752 1265 836; x_wconf 73' lang='lat' dir='ltr'><em>peremitur,</em></span> 
     </span>
     <span class='ocr_line' id='line_1_7' title="bbox 212 832 1266 921; baseline 0.005 -24"><span class='ocrx_word' id='word_1_43' title='bbox 212 832 297 920; x_wconf 72' lang='lat' dir='ltr'><em>pag.</em></span> <span class='ocrx_word' id='word_1_44' title='bbox 309 847 369 897; x_wconf 59' lang='lat' dir='ltr'><em>32r</em></span> <span class='ocrx_word' id='word_1_45' title='bbox 380 833 574 918; x_wconf 67' lang='lat' dir='ltr'><em>Appendices</em></span> <span class='ocrx_word' id='word_1_46' title='bbox 590 833 771 921; x_wconf 83' lang='lat' dir='ltr'><em>Igoaiianoe</em></span> <span class='ocrx_word' id='word_1_47' title='bbox 792 834 834 899; x_wconf 87' lang='lat' dir='ltr'><em>ab</em></span> <span class='ocrx_word' id='word_1_48' title='bbox 852 835 984 900; x_wconf 90' lang='lat' dir='ltr'><em>Usserio</em></span> <span class='ocrx_word' id='word_1_49' title='bbox 1006 837 1102 900; x_wconf 79' lang='lat' dir='ltr'><em>editae</em></span> <span class='ocrx_word' id='word_1_50' title='bbox 1119 837 1266 902; x_wconf 71' lang='lat' dir='ltr'><em>Londhri</em></span> 
     </span>
     <span class='ocr_line' id='line_1_8' title="bbox 222 918 1265 1005; baseline 0 -18"><span class='ocrx_word' id='word_1_51' title='bbox 222 936 308 987; x_wconf 71' lang='lat' dir='ltr'><em>anno</em></span> <span class='ocrx_word' id='word_1_52' title='bbox 329 923 415 994; x_wconf 87' lang='lat'>1647.</span> <span class='ocrx_word' id='word_1_53' title='bbox 437 918 576 1002; x_wconf 88' lang='lat' dir='ltr'><em>primum</em></span> <span class='ocrx_word' id='word_1_54' title='bbox 597 940 670 982; x_wconf 87' lang='lat' dir='ltr'><em>vero</em></span> <span class='ocrx_word' id='word_1_55' title='bbox 689 919 858 1005; x_wconf 88' lang='lat' dir='ltr'><em>Polycarpi</em></span> <span class='ocrx_word' id='word_1_56' title='bbox 877 920 966 985; x_wconf 87' lang='lat' dir='ltr'><em>istaec</em></span> <span class='ocrx_word' id='word_1_57' title='bbox 986 943 1025 985; x_wconf 87' lang='lat' dir='ltr'><em>ex</em></span> <span class='ocrx_word' id='word_1_58' title='bbox 1046 921 1265 1001; x_wconf 75' lang='lat' dir='ltr'><em>vetustissima</em></span> 
     </span>
     <span class='ocr_line' id='line_1_9' title="bbox 221 1002 1266 1089; baseline 0.009 -21"><span class='ocrx_word' id='word_1_59' title='bbox 221 1025 318 1089; x_wconf 85' lang='lat' dir='ltr'><em>super</em></span> <span class='ocrx_word' id='word_1_60' title='bbox 341 1018 481 1088; x_wconf 85' lang='lat' dir='ltr'><em>quatuor</em></span> <span class='ocrx_word' id='word_1_61' title='bbox 502 1003 677 1089; x_wconf 84' lang='lat' dir='ltr'><em>Evangelia</em></span> <span class='ocrx_word' id='word_1_62' title='bbox 695 1002 821 1068; x_wconf 83' lang='lat' dir='ltr'><em>Catena</em></span> <span class='ocrx_word' id='word_1_63' title='bbox 839 1027 859 1068; x_wconf 88' lang='lat' dir='ltr'><em>a</em></span> <span class='ocrx_word' id='word_1_64' title='bbox 879 1006 1091 1070; x_wconf 86' lang='lat' dir='ltr'><em>Feuardeutio</em></span> <span class='ocrx_word' id='word_1_65' title='bbox 1105 1006 1146 1071; x_wconf 88' lang='lat' dir='ltr'><em>ad</em></span> <span class='ocrx_word' id='word_1_66' title='bbox 1161 1007 1266 1077; x_wconf 75' lang='lat' dir='ltr'><em>Naias</em></span> 
     </span>
     <span class='ocr_line' id='line_1_10' title="bbox 220 1087 1263 1174; baseline 0.006 -22"><span class='ocrx_word' id='word_1_67' title='bbox 220 1089 400 1153; x_wconf 77' lang='lat' dir='ltr'><em>Irenceanas</em></span> <span class='ocrx_word' id='word_1_68' title='bbox 412 1087 469 1151; x_wconf 92' lang='lat' dir='ltr'><em>lib.</em></span> <span class='ocrx_word' id='word_1_69' title='bbox 479 1088 524 1151; x_wconf 90' lang='lat' dir='ltr'><em>iii.</em></span> <span class='ocrx_word' id='word_1_70' title='bbox 538 1109 609 1174; x_wconf 86' lang='lat' dir='ltr'><em>cap.</em></span> <span class='ocrx_word' id='word_1_71' title='bbox 621 1101 652 1151; x_wconf 81' lang='grc'><em>3.</em></span> <span class='ocrx_word' id='word_1_72' title='bbox 671 1089 826 1153; x_wconf 87' lang='lat' dir='ltr'><em>translata</em></span> <span class='ocrx_word' id='word_1_73' title='bbox 841 1091 983 1158; x_wconf 80' lang='lat' dir='ltr'><em>fuerant..</em></span> <span class='ocrx_word' id='word_1_74' title='bbox 1023 1093 1170 1157; x_wconf 85' lang='lat' dir='ltr'><em>Annotat</em></span> <span class='ocrx_word' id='word_1_75' title='bbox 1189 1092 1263 1158; x_wconf 81' lang='lat' dir='ltr'><em>haee</em></span> 
     </span>
     <span class='ocr_line' id='line_1_11' title="bbox 220 1153 1263 1260; baseline 0.003 -21"><span class='ocrx_word' id='word_1_76' title='bbox 220 1190 351 1259; x_wconf 80' lang='lat' dir='ltr'><em>quoque</em></span> <span class='ocrx_word' id='word_1_77' title='bbox 374 1172 604 1251; x_wconf 60' lang='lat' dir='ltr'><em>Freindallerl-</em></span> <span class='ocrx_word' id='word_1_78' title='bbox 618 1179 640 1223; x_wconf 66' lang='lat' dir='ltr'><em>i‘</em></span> <span class='ocrx_word' id='word_1_79' title='bbox 653 1172 815 1237; x_wconf 85' lang='lat' dir='ltr'><em>Eximium</em></span> <span class='ocrx_word' id='word_1_80' title='bbox 841 1175 987 1259; x_wconf 86' lang='lat' dir='ltr'><em>profecto</em></span> <span class='ocrx_word' id='word_1_81' title='bbox 998 1153 1146 1260; x_wconf 70' lang='lat' dir='ltr'><em>‘posteris</em></span> <span class='ocrx_word' id='word_1_82' title='bbox 1169 1177 1263 1243; x_wconf 84' lang='lat' dir='ltr'><em>testi-</em></span> 
     </span>
     <span class='ocr_line' id='line_1_12' title="bbox 170 1257 1274 1348; baseline 0.006 -27"><span class='ocrx_word' id='word_1_83' title='bbox 170 1302 172 1307; x_wconf 52' lang='lat'>&lt;</span> <span class='ocrx_word' id='word_1_84' title='bbox 220 1265 243 1298; x_wconf 89' lang='lat'><strong>“</strong></span> <span class='ocrx_word' id='word_1_85' title='bbox 259 1257 406 1322; x_wconf 89' lang='lat' dir='ltr'><em>monium</em></span> <span class='ocrx_word' id='word_1_86' title='bbox 427 1257 555 1322; x_wconf 82' lang='lat' dir='ltr'><em>collatae</em></span> <span class='ocrx_word' id='word_1_87' title='bbox 575 1257 766 1344; x_wconf 85' lang='lat' dir='ltr'><em>evangelicis</em></span> <span class='ocrx_word' id='word_1_88' title='bbox 786 1258 874 1322; x_wconf 88' lang='lat' dir='ltr'><em>hisce</em></span> <span class='ocrx_word' id='word_1_89' title='bbox 896 1260 1105 1346; x_wconf 83' lang='lat' dir='ltr'><em>scriptoribus</em></span> <span class='ocrx_word' id='word_1_90' title='bbox 1124 1261 1274 1348; x_wconf 58' lang='lat' dir='ltr'><em>inspira«</em></span> 
     </span>
     <span class='ocr_line' id='line_1_13' title="bbox 219 1342 1262 1437; baseline 0.006 -31"><span class='ocrx_word' id='word_1_91' title='bbox 219 1349 244 1437; x_wconf 60' lang='lat' dir='ltr'><em>‘J</em></span> <span class='ocrx_word' id='word_1_92' title='bbox 258 1343 368 1419; x_wconf 88' lang='lat' dir='ltr'><em>tionis,</em></span> <span class='ocrx_word' id='word_1_93' title='bbox 378 1343 446 1428; x_wconf 92' lang='lat' dir='ltr'><em>qui,</em></span> <span class='ocrx_word' id='word_1_94' title='bbox 455 1353 531 1407; x_wconf 90' lang='lat' dir='ltr'><em>utut</em></span> <span class='ocrx_word' id='word_1_95' title='bbox 540 1342 670 1407; x_wconf 88' lang='lat' dir='ltr'><em>diversis</em></span> <span class='ocrx_word' id='word_1_96' title='bbox 684 1344 717 1406; x_wconf 89' lang='lat' dir='ltr'><em>in</em></span> <span class='ocrx_word' id='word_1_97' title='bbox 730 1342 923 1408; x_wconf 87' lang='lat' dir='ltr'><em>deductione</em></span> <span class='ocrx_word' id='word_1_98' title='bbox 935 1344 1087 1410; x_wconf 87' lang='lat' dir='ltr'><em>historica</em></span> <span class='ocrx_word' id='word_1_99' title='bbox 1100 1347 1150 1410; x_wconf 92' lang='lat' dir='ltr'><em>usi</em></span> <span class='ocrx_word' id='word_1_100' title='bbox 1166 1367 1262 1413; x_wconf 85' lang='lat' dir='ltr'><em>exor-</em></span> 
     </span>
     <span class='ocr_line' id='line_1_14' title="bbox 219 1427 1285 1514; baseline 0.003 -21"><span class='ocrx_word' id='word_1_101' title='bbox 219 1435 248 1493; x_wconf 80' lang='lat'><em>‘.‘&#39;</em></span> <span class='ocrx_word' id='word_1_102' title='bbox 257 1428 330 1506; x_wconf 84' lang='lat' dir='ltr'><em>diis,</em></span> <span class='ocrx_word' id='word_1_103' title='bbox 342 1427 424 1492; x_wconf 89' lang='lat' dir='ltr'><em>adeo</em></span> <span class='ocrx_word' id='word_1_104' title='bbox 439 1440 546 1493; x_wconf 88' lang='lat' dir='ltr'><em>tamen</em></span> <span class='ocrx_word' id='word_1_105' title='bbox 565 1448 585 1492; x_wconf 88' lang='lat' dir='ltr'><em>a</em></span> <span class='ocrx_word' id='word_1_106' title='bbox 605 1428 770 1492; x_wconf 89' lang='lat' dir='ltr'><em>communi</em></span> <span class='ocrx_word' id='word_1_107' title='bbox 790 1428 965 1514; x_wconf 86' lang='lat' dir='ltr'><em>impulsore</em></span> <span class='ocrx_word' id='word_1_108' title='bbox 984 1451 1055 1508; x_wconf 78' lang='lat' dir='ltr'><em>suo,</em></span> <span class='ocrx_word' id='word_1_109' title='bbox 1070 1434 1190 1503; x_wconf 83' lang='lat' dir='ltr'><em>Sancto</em></span> <span class='ocrx_word' id='word_1_110' title='bbox 1209 1432 1263 1496; x_wconf 88' lang='lat' dir='ltr'><em>ni·</em></span> <span class='ocrx_word' id='word_1_111' title='bbox 1282 1500 1285 1504; x_wconf 11' lang='grc' dir='ltr'><strong>Α</strong></span> 
     </span>
     <span class='ocr_line' id='line_1_15' title="bbox 217 1508 1262 1613; baseline 0.006 -38"><span class='ocrx_word' id='word_1_112' title='bbox 217 1520 242 1601; x_wconf 82' lang='lat'><em>.“</em></span> <span class='ocrx_word' id='word_1_113' title='bbox 257 1508 391 1597; x_wconf 76' lang='lat' dir='ltr'><em>mirum-,3</em></span> <span class='ocrx_word' id='word_1_114' title='bbox 406 1534 467 1577; x_wconf 83' lang='lat' dir='ltr'><em>uno</em></span> <span class='ocrx_word' id='word_1_115' title='bbox 486 1512 717 1613; x_wconf 75' lang='lat' dir='ltr'><em>principalique</em></span> <span class='ocrx_word' id='word_1_116' title='bbox 739 1512 872 1598; x_wconf 83' lang='lat' dir='ltr'><em>Spiritu,</em></span> <span class='ocrx_word' id='word_1_117' title='bbox 895 1515 1127 1581; x_wconf 84' lang='lat' dir='ltr'><em>concordanter</em></span> <span class='ocrx_word' id='word_1_118' title='bbox 1146 1517 1262 1583; x_wconf 76' lang='lat' dir='ltr'><em>directi</em></span> 
     </span>
     <span class='ocr_line' id='line_1_16' title="bbox 218 1597 1264 1686; baseline 0.003 -22"><span class='ocrx_word' id='word_1_119' title='bbox 218 1606 241 1679; x_wconf 89' lang='lat'><em>‘.·‘</em></span> <span class='ocrx_word' id='word_1_120' title='bbox 256 1612 343 1677; x_wconf 87' lang='lat' dir='ltr'><em>sunt,</em></span> <span class='ocrx_word' id='word_1_121' title='bbox 357 1610 395 1664; x_wconf 95' lang='lat' dir='ltr'><em>ut</em></span> <span class='ocrx_word' id='word_1_122' title='bbox 409 1613 482 1663; x_wconf 85' lang='lat' dir='ltr'><em>acta</em></span> <span class='ocrx_word' id='word_1_123' title='bbox 497 1598 563 1662; x_wconf 83' lang='lat' dir='ltr'><em>fere</em></span> <span class='ocrx_word' id='word_1_124' title='bbox 577 1619 750 1685; x_wconf 72' lang='lat' dir='ltr'><em>praecipua,</em></span> <span class='ocrx_word' id='word_1_125' title='bbox 762 1599 794 1663; x_wconf 90' lang='lat' dir='ltr'><em>in</em></span> <span class='ocrx_word' id='word_1_126' title='bbox 809 1597 925 1664; x_wconf 88' lang='lat' dir='ltr'><em>borum</em></span> <span class='ocrx_word' id='word_1_127' title='bbox 941 1599 1032 1670; x_wconf 84' lang='lat' dir='ltr'><em>libris</em></span> <span class='ocrx_word' id='word_1_128' title='bbox 1044 1601 1264 1686; x_wconf 85' lang='lat' dir='ltr'><em>singulorum,</em></span> 
     </span>
     <span class='ocr_line' id='line_1_17' title="bbox 219 1682 1263 1770; baseline 0.003 -20"><span class='ocrx_word' id='word_1_129' title='bbox 219 1692 241 1769; x_wconf 54' lang='grc' dir='ltr'><em>(ξ</em></span> <span class='ocrx_word' id='word_1_130' title='bbox 256 1683 343 1762; x_wconf 77' lang='lat' dir='ltr'><em>haud</em></span> <span class='ocrx_word' id='word_1_131' title='bbox 364 1683 560 1770; x_wconf 86' lang='lat' dir='ltr'><em>discongrue</em></span> <span class='ocrx_word' id='word_1_132' title='bbox 583 1682 773 1769; x_wconf 83' lang='lat' dir='ltr'><em>consignata</em></span> <span class='ocrx_word' id='word_1_133' title='bbox 791 1684 1000 1769; x_wconf 83' lang='lat' dir='ltr'><em>reperiantur.</em></span> <span class='ocrx_word' id='word_1_134' title='bbox 1045 1687 1202 1751; x_wconf 86' lang='lat' dir='ltr'><em>Recenset</em></span> <span class='ocrx_word' id='word_1_135' title='bbox 1220 1708 1263 1753; x_wconf 82' lang='lat' dir='ltr'><em>ea</em></span> 
     </span>
     <span class='ocr_line' id='line_1_18' title="bbox 217 1767 1263 1849; baseline 0.002 -15"><span class='ocrx_word' id='word_1_136' title='bbox 217 1776 370 1834; x_wconf 87' lang='lat' dir='ltr'><em>“auctor</em></span> <span class='ocrx_word' id='word_1_137' title='bbox 398 1768 462 1833; x_wconf 87' lang='lat' dir='ltr'><em>hue</em></span> <span class='ocrx_word' id='word_1_138' title='bbox 492 1769 616 1849; x_wconf 79' lang='lat' dir='ltr'><em>ordine,</em></span> <span class='ocrx_word' id='word_1_139' title='bbox 646 1784 683 1833; x_wconf 91' lang='lat' dir='ltr'><em>ut</em></span> <span class='ocrx_word' id='word_1_140' title='bbox 712 1769 753 1831; x_wconf 86' lang='lat' dir='ltr'><em>ad</em></span> <span class='ocrx_word' id='word_1_141' title='bbox 781 1767 947 1833; x_wconf 83' lang='lat' dir='ltr'><em>historiam</em></span> <span class='ocrx_word' id='word_1_142' title='bbox 980 1769 1152 1835; x_wconf 85' lang='lat' dir='ltr'><em>nativitatis</em></span> <span class='ocrx_word' id='word_1_143' title='bbox 1178 1772 1263 1843; x_wconf 74' lang='lat' dir='ltr'><em>lesu</em></span> 
     </span>
     <span class='ocr_line' id='line_1_19' title="bbox 218 1849 1260 1940; baseline 0.004 -22"><span class='ocrx_word' id='word_1_144' title='bbox 218 1849 398 1932; x_wconf 68' lang='lat' dir='ltr'><em>“Christi,</em></span> <span class='ocrx_word' id='word_1_145' title='bbox 420 1853 589 1940; x_wconf 77' lang='lat' dir='ltr'><em>passionis,</em></span> <span class='ocrx_word' id='word_1_146' title='bbox 623 1852 879 1932; x_wconf 87' lang='lat' dir='ltr'><em>resurrectionis,</em></span> <span class='ocrx_word' id='word_1_147' title='bbox 907 1854 1155 1919; x_wconf 87' lang='lat' dir='ltr'><em>conversationis</em></span> <span class='ocrx_word' id='word_1_148' title='bbox 1183 1877 1260 1922; x_wconf 86' lang='lat' dir='ltr'><em>cum</em></span> 
     </span>
     <span class='ocr_line' id='line_1_20' title="bbox 218 1938 1261 2053; baseline 0.005 -51"><span class='ocrx_word' id='word_1_149' title='bbox 218 1945 240 1978; x_wconf 90' lang='lat'><strong>“</strong></span> <span class='ocrx_word' id='word_1_150' title='bbox 255 1938 432 2024; x_wconf 88' lang='lat' dir='ltr'><em>discipulis,</em></span> <span class='ocrx_word' id='word_1_151' title='bbox 454 1960 570 2023; x_wconf 88' lang='lat' dir='ltr'><em>nempe</em></span> <span class='ocrx_word' id='word_1_152' title='bbox 591 1958 611 2002; x_wconf 91' lang='lat' dir='ltr'><em>a</em></span> <span class='ocrx_word' id='word_1_153' title='bbox 632 1938 873 2017; x_wconf 87' lang='lat' dir='ltr'><em>resurrectione,</em></span> <span class='ocrx_word' id='word_1_154' title='bbox 895 1939 1016 2025; x_wconf 85' lang='lat' dir='ltr'><em>gemini</em></span> <span class='ocrx_word' id='word_1_155' title='bbox 1041 1960 1082 2003; x_wconf 90' lang='lat' dir='ltr'><em>ue</em></span> <span class='ocrx_word' id='word_1_156' title='bbox 1106 1939 1177 2053; x_wconf 65' lang='lat' dir='ltr'><em>ejus</em></span> <span class='ocrx_word' id='word_1_157' title='bbox 1199 1940 1261 2006; x_wconf 83' lang='lat' dir='ltr'><em>ed·</em></span> 
     </span>
     <span class='ocr_line' id='line_1_21' title="bbox 218 1961 1261 2109; baseline 0.004 -22"><span class='ocrx_word' id='word_1_158' title='bbox 218 2030 242 2065; x_wconf 80' lang='lat'><em>‘⁶</em></span> <span class='ocrx_word' id='word_1_159' title='bbox 256 2038 378 2103; x_wconf 79' lang='lat' dir='ltr'><em>ventus,-</em></span> <span class='ocrx_word' id='word_1_160' title='bbox 399 2024 496 2088; x_wconf 89' lang='lat' dir='ltr'><em>veluti</em></span> <span class='ocrx_word' id='word_1_161' title='bbox 516 2023 686 2109; x_wconf 86' lang='lat' dir='ltr'><em>potissima</em></span> <span class='ocrx_word' id='word_1_162' title='bbox 705 2023 821 2109; x_wconf 89' lang='lat' dir='ltr'><em>capita,</em></span> <span class='ocrx_word' id='word_1_163' title='bbox 840 2038 958 2089; x_wconf 88' lang='lat' dir='ltr'><em>cuncta</em></span> <span class='ocrx_word' id='word_1_164' title='bbox 978 1961 1121 2090; x_wconf 75' lang='lat' dir='ltr'><em>reducat.</em></span> <span class='ocrx_word' id='word_1_165' title='bbox 1136 2027 1155 2065; x_wconf 89' lang='lat'><em>&#39;·</em></span> <span class='ocrx_word' id='word_1_166' title='bbox 1175 2027 1261 2091; x_wconf 82' lang='lat' dir='ltr'><em>Haec</em></span> 
     </span>
     <span class='ocr_line' id='line_1_22' title="bbox 205 2108 1261 2194; baseline 0 -20"><span class='ocrx_word' id='word_1_167' title='bbox 205 2108 286 2175; x_wconf 80' lang='lat' dir='ltr'><em>ille.</em></span> <span class='ocrx_word' id='word_1_168' title='bbox 321 2110 455 2185; x_wconf 48' lang='lat' dir='ltr'><em>,Interea</em></span> <span class='ocrx_word' id='word_1_169' title='bbox 476 2131 551 2173; x_wconf 89' lang='lat' dir='ltr'><em>vero</em></span> <span class='ocrx_word' id='word_1_170' title='bbox 564 2108 804 2187; x_wconf 75' lang='lat' dir='ltr'><em>convenienter,</em></span> <span class='ocrx_word' id='word_1_171' title='bbox 824 2121 862 2172; x_wconf 91' lang='lat' dir='ltr'><em>ut</em></span> <span class='ocrx_word' id='word_1_172' title='bbox 882 2109 1008 2194; x_wconf 82' lang='lat' dir='ltr'><em>opinor,</em></span> <span class='ocrx_word' id='word_1_173' title='bbox 1029 2131 1105 2174; x_wconf 88' lang='lat' dir='ltr'><em>cum</em></span> <span class='ocrx_word' id='word_1_174' title='bbox 1125 2124 1261 2176; x_wconf 84' lang='lat' dir='ltr'><em>auctore</em></span> 
     </span>
     <span class='ocr_line' id='line_1_23' title="bbox 217 2193 1260 2282; baseline 0.001 -23"><span class='ocrx_word' id='word_1_175' title='bbox 217 2193 402 2282; x_wconf 81' lang='lat' dir='ltr'><em>Fragmenti</em></span> <span class='ocrx_word' id='word_1_176' title='bbox 422 2193 519 2280; x_wconf 89' lang='lat' dir='ltr'><em>hujus</em></span> <span class='ocrx_word' id='word_1_177' title='bbox 537 2193 575 2257; x_wconf 88' lang='lat' dir='ltr'><em>de</em></span> <span class='ocrx_word' id='word_1_178' title='bbox 598 2195 720 2258; x_wconf 79' lang='lat' dir='ltr'><em>Conone</em></span> <span class='ocrx_word' id='word_1_179' title='bbox 735 2193 818 2257; x_wconf 86' lang='grc' dir='ltr'><em>Νουί</em></span> <span class='ocrx_word' id='word_1_180' title='bbox 834 2194 918 2258; x_wconf 84' lang='lat' dir='ltr'><em>Test.</em></span> <span class='ocrx_word' id='word_1_181' title='bbox 933 2195 968 2258; x_wconf 86' lang='lat' dir='ltr'><em>S.</em></span> <span class='ocrx_word' id='word_1_182' title='bbox 984 2195 1260 2281; x_wconf 81' lang='lat' dir='ltr'><em>Hieronymusin</em></span> 
     </span>
     <span class='ocr_line' id='line_1_24' title="bbox 217 2277 1258 2377; baseline 0.003 -35"><span class='ocrx_word' id='word_1_183' title='bbox 217 2278 366 2365; x_wconf 82' lang='lat' dir='ltr'><em>Epistola</em></span> <span class='ocrx_word' id='word_1_184' title='bbox 382 2279 424 2343; x_wconf 85' lang='lat' dir='ltr'><em>ad</em></span> <span class='ocrx_word' id='word_1_185' title='bbox 439 2277 687 2356; x_wconf 79' lang='lat' dir='ltr'><em>Pammaclinno,</em></span> <span class='ocrx_word' id='word_1_186' title='bbox 702 2301 774 2364; x_wconf 86' lang='lat' dir='ltr'><em>quae</em></span> <span class='ocrx_word' id='word_1_187' title='bbox 790 2290 839 2342; x_wconf 89' lang='lat' dir='ltr'><em>est</em></span> <span class='ocrx_word' id='word_1_188' title='bbox 852 2277 894 2342; x_wconf 88' lang='lat' dir='ltr'><em>de</em></span> <span class='ocrx_word' id='word_1_189' title='bbox 909 2278 1045 2377; x_wconf 90' lang='lat' dir='ltr'><em>Optimo</em></span> <span class='ocrx_word' id='word_1_190' title='bbox 1059 2280 1187 2351; x_wconf 89' lang='lat' dir='ltr'><em>Genere</em></span> <span class='ocrx_word' id='word_1_191' title='bbox 1202 2280 1258 2345; x_wconf 89' lang='lat' dir='ltr'><em>Iu·</em></span> 
     </span>
     <span class='ocr_line' id='line_1_25' title="bbox 216 2363 1260 2459; baseline -0.001 -30"><span class='ocrx_word' id='word_1_192' title='bbox 216 2364 421 2459; x_wconf 67' lang='lat' dir='ltr'><em>terpretandi,</em></span> <span class='ocrx_word' id='word_1_193' title='bbox 439 2363 503 2428; x_wconf 93' lang='lat' dir='ltr'><em>hoc</em></span> <span class='ocrx_word' id='word_1_194' title='bbox 523 2363 653 2450; x_wconf 79' lang='lat' dir='ltr'><em>posuits</em></span> <span class='ocrx_word' id='word_1_195' title='bbox 678 2363 864 2439; x_wconf 73' lang='lat' dir='ltr'><em>Sanianum·</em></span> <span class='ocrx_word' id='word_1_196' title='bbox 879 2374 1015 2429; x_wconf 76' lang='lat' dir='ltr'><em>varietas</em></span> <span class='ocrx_word' id='word_1_197' title='bbox 1035 2364 1164 2450; x_wconf 82' lang='lat' dir='ltr'><em>spiritus</em></span> <span class='ocrx_word' id='word_1_198' title='bbox 1185 2365 1260 2428; x_wconf 84' lang='lat' dir='ltr'><em>arai·</em></span> 
     </span>
     <span class='ocr_line' id='line_1_26' title="bbox 217 2447 1217 2535; baseline -0.005 -20"><span class='ocrx_word' id='word_1_199' title='bbox 217 2461 283 2518; x_wconf 83' lang='lat' dir='ltr'><em>tata</em></span> <span class='ocrx_word' id='word_1_200' title='bbox 297 2449 468 2531; x_wconf 86' lang='lat' dir='ltr'><em>concordat.</em></span> <span class='ocrx_word' id='word_1_201' title='bbox 483 2470 516 2535; x_wconf 91' lang='lat' dir='ltr'><em>p.</em></span> <span class='ocrx_word' id='word_1_202' title='bbox 528 2461 598 2525; x_wconf 81' lang='lat'><em>37³.</em></span> <span class='ocrx_word' id='word_1_203' title='bbox 613 2448 665 2513; x_wconf 90' lang='lat' dir='ltr'><em>cd.</em></span> <span class='ocrx_word' id='word_1_204' title='bbox 682 2450 708 2511; x_wconf 86' lang='lat' dir='ltr'><strong>F</strong></span> <span class='ocrx_word' id='word_1_205' title='bbox 708 2447 843 2513; x_wconf 88' lang='lat' dir='ltr'><em>robeuii.</em></span> <span class='ocrx_word' id='word_1_206' title='bbox 872 2474 875 2479; x_wconf 94' lang='lat'><em>·</em></span> <span class='ocrx_word' id='word_1_207' title='bbox 1215 2470 1217 2475; x_wconf 92' lang='lat'>·</span> 
     </span>
    </p>

    <p class='ocr_par' dir='ltr' id='par_1_3' title="bbox 228 2531 1228 2619">
     <span class='ocr_line' id='line_1_27' title="bbox 228 2531 1228 2619; baseline -0.003 -18"><span class='ocrx_word' id='word_1_208' title='bbox 228 2595 232 2609; x_wconf 83' lang='lat'><em>,</em></span> <span class='ocrx_word' id='word_1_209' title='bbox 262 2537 297 2601; x_wconf 92' lang='grc' dir='ltr'><em>Ρ.</em></span> <span class='ocrx_word' id='word_1_210' title='bbox 311 2549 342 2600; x_wconf 85' lang='grc'><em>3.</em></span> <span class='ocrx_word' id='word_1_211' title='bbox 356 2533 379 2600; x_wconf 92' lang='lat' dir='ltr'><em>l.</em></span> <span class='ocrx_word' id='word_1_212' title='bbox 392 2549 444 2615; x_wconf 83' lang='lat'><em>24.</em></span> <span class='ocrx_word' id='word_1_213' title='bbox 467 2533 552 2619; x_wconf 84' lang='lat' dir='ltr'><em>fidei]</em></span> <span class='ocrx_word' id='word_1_214' title='bbox 573 2534 650 2600; x_wconf 90' lang='lat' dir='ltr'><em>Cor.</em></span> <span class='ocrx_word' id='word_1_215' title='bbox 665 2531 757 2599; x_wconf 89' lang='lat' dir='ltr'><em>fides.</em></span> <span class='ocrx_word' id='word_1_216' title='bbox 780 2536 806 2597; x_wconf 86' lang='lat' dir='ltr'><strong>F</strong></span> <span class='ocrx_word' id='word_1_217' title='bbox 808 2553 1022 2599; x_wconf 73' lang='lat' dir='ltr'><em>uersuum.</em></span> <span class='ocrx_word' id='word_1_218' title='bbox 1202 2575 1208 2587; x_wconf 54' lang='grc' dir='ltr'><em>ι</em></span> <span class='ocrx_word' id='word_1_219' title='bbox 1226 2576 1228 2581; x_wconf 91' lang='grc'>-</span> 
     </span>
    </p>

    <p class='ocr_par' dir='ltr' id='par_1_4' title="bbox 216 2618 1260 2800">
     <span class='ocr_line' id='line_1_28' title="bbox 231 2618 1260 2717; baseline 0.002 -33"><span class='ocrx_word' id='word_1_220' title='bbox 231 2696 234 2701; x_wconf 10' lang='lat' dir='ltr'>y</span> <span class='ocrx_word' id='word_1_221' title='bbox 261 2620 345 2685; x_wconf 91' lang='lat' dir='ltr'><em>Ibid.</em></span> <span class='ocrx_word' id='word_1_222' title='bbox 363 2621 384 2683; x_wconf 94' lang='lat' dir='ltr'><em>l.</em></span> <span class='ocrx_word' id='word_1_223' title='bbox 400 2636 455 2697; x_wconf 62' lang='lat'><em>25.</em></span> <span class='ocrx_word' id='word_1_224' title='bbox 498 2619 658 2717; x_wconf 86' lang='lat' dir='ltr'><em>rincipali]</em></span> <span class='ocrx_word' id='word_1_225' title='bbox 681 2621 803 2685; x_wconf 84' lang='lat' dir='ltr'><em>Forsan</em></span> <span class='ocrx_word' id='word_1_226' title='bbox 824 2621 939 2684; x_wconf 87' lang='lat' dir='ltr'><em>Graece</em></span> <span class='ocrx_word' id='word_1_227' title='bbox 961 2620 1118 2704; x_wconf 87' lang='lat' dir='ltr'><em>scriptum</em></span> <span class='ocrx_word' id='word_1_228' title='bbox 1139 2618 1260 2698; x_wconf 75' lang='lat' dir='ltr'><em>fuerat,</em></span> 
     </span>
     <span class='ocr_line' id='line_1_29' title="bbox 216 2642 1194 2800; baseline -0.001 -32"><span class='ocrx_word' id='word_1_229' title='bbox 216 2709 381 2792; x_wconf 76' lang='grc' dir='ltr'><strong><em>ἡγεμονικῷ.</em></strong></span> <span class='ocrx_word' id='word_1_230' title='bbox 419 2642 585 2767; x_wconf 68' lang='lat' dir='ltr'><em>Philoxeni</em></span> <span class='ocrx_word' id='word_1_231' title='bbox 598 2705 709 2787; x_wconf 86' lang='lat' dir='ltr'><em>glossa</em></span> <span class='ocrx_word' id='word_1_232' title='bbox 721 2718 782 2780; x_wconf 90' lang='lat' dir='ltr'><em>est,</em></span> <span class='ocrx_word' id='word_1_233' title='bbox 797 2703 995 2785; x_wconf 76' lang='grc' dir='ltr'><strong><em>Ἡγεμονικόν,</em></strong></span> <span class='ocrx_word' id='word_1_234' title='bbox 1009 2702 1194 2800; x_wconf 82' lang='lat' dir='ltr'><em>principale.</em></span> 
     </span>
    </p>

    <p class='ocr_par' dir='ltr' id='par_1_5' title="bbox 262 2786 1257 2871">
     <span class='ocr_line' id='line_1_30' title="bbox 262 2786 1257 2871; baseline 0.001 -18"><span class='ocrx_word' id='word_1_235' title='bbox 262 2791 298 2853; x_wconf 92' lang='lat' dir='ltr'><em>P.</em></span> <span class='ocrx_word' id='word_1_236' title='bbox 309 2802 342 2852; x_wconf 86' lang='lat'><em>4.</em></span> <span class='ocrx_word' id='word_1_237' title='bbox 355 2789 378 2852; x_wconf 91' lang='lat' dir='ltr'><em>l.</em></span> <span class='ocrx_word' id='word_1_238' title='bbox 394 2803 423 2850; x_wconf 91' lang='lat'><em>1.</em></span> <span class='ocrx_word' id='word_1_239' title='bbox 445 2787 486 2851; x_wconf 87' lang='lat' dir='ltr'><em>de</em></span> <span class='ocrx_word' id='word_1_240' title='bbox 500 2787 758 2871; x_wconf 88' lang='lat' dir='ltr'><em>conversatione]</em></span> <span class='ocrx_word' id='word_1_241' title='bbox 772 2786 937 2851; x_wconf 86' lang='lat' dir='ltr'><em>Excidisse</em></span> <span class='ocrx_word' id='word_1_242' title='bbox 950 2807 1010 2853; x_wconf 85' lang='lat' dir='ltr'><em>vox</em></span> <span class='ocrx_word' id='word_1_243' title='bbox 1025 2787 1155 2852; x_wconf 85' lang='lat' dir='ltr'><em>Dornnni</em></span> <span class='ocrx_word' id='word_1_244' title='bbox 1169 2788 1257 2863; x_wconf 54' lang='lat' dir='ltr'><em>vides</em></span> 
     </span>
    </p>

    <p class='ocr_par' dir='ltr' id='par_1_6' title="bbox 157 2889 1315 4235">
     <span class='ocr_line' id='line_1_31' title="bbox 215 2889 1085 2943; baseline 0.002 -2"><span class='ocrx_word' id='word_1_245' title='bbox 215 2889 281 2943; x_wconf 77' lang='lat' dir='ltr'><em>tur·</em></span> <span class='ocrx_word' id='word_1_246' title='bbox 386 2894 391 2900; x_wconf 83' lang='lat'>&#39;</span> <span class='ocrx_word' id='word_1_247' title='bbox 443 2920 446 2925; x_wconf 95' lang='lat'>·</span> <span class='ocrx_word' id='word_1_248' title='bbox 1082 2916 1085 2921; x_wconf 95' lang='lat'>·</span> 
     </span>
     <span class='ocr_line' id='line_1_32' title="bbox 258 2956 1315 3044; baseline -0.001 -21"><span class='ocrx_word' id='word_1_249' title='bbox 258 2958 344 3032; x_wconf 87' lang='lat' dir='ltr'><em>lbid.</em></span> <span class='ocrx_word' id='word_1_250' title='bbox 354 2959 376 3024; x_wconf 95' lang='lat' dir='ltr'><em>l.</em></span> <span class='ocrx_word' id='word_1_251' title='bbox 388 2973 429 3036; x_wconf 73' lang='lat'><em>3.</em></span> <span class='ocrx_word' id='word_1_252' title='bbox 460 2957 543 3023; x_wconf 88' lang='lat' dir='ltr'><em>rimo</em></span> <span class='ocrx_word' id='word_1_253' title='bbox 557 2957 589 3023; x_wconf 88' lang='lat' dir='ltr'><em>in</em></span> <span class='ocrx_word' id='word_1_254' title='bbox 605 2957 787 3035; x_wconf 81' lang='lat' dir='ltr'><em>hmuilitate</em></span> <span class='ocrx_word' id='word_1_255' title='bbox 801 2956 983 3044; x_wconf 88' lang='lat' dir='ltr'><em>despectus,</em></span> <span class='ocrx_word' id='word_1_256' title='bbox 995 2957 1084 3044; x_wconf 86' lang='lat' dir='ltr'><em>quod</em></span> <span class='ocrx_word' id='word_1_257' title='bbox 1099 2981 1137 3023; x_wconf 89' lang='lat' dir='ltr'><em>ro</em></span> <span class='ocrx_word' id='word_1_258' title='bbox 1147 3005 1176 3023; x_wconf 88' lang='lat'><em>..</em></span> <span class='ocrx_word' id='word_1_259' title='bbox 1189 2957 1259 3040; x_wconf 61' lang='lat' dir='ltr'><em>...J</em></span> <span class='ocrx_word' id='word_1_260' title='bbox 1309 3020 1315 3036; x_wconf 75' lang='grc'><em>,</em></span> 
     </span>
     <span class='ocr_line' id='line_1_33' title="bbox 215 2981 1258 3129; baseline -0.004 -17"><span class='ocrx_word' id='word_1_261' title='bbox 215 3045 275 3112; x_wconf 86' lang='lat' dir='ltr'><em>Ait</em></span> <span class='ocrx_word' id='word_1_262' title='bbox 290 2981 494 3122; x_wconf 64' lang='lat' dir='ltr'><em>Freindalliera</em></span> <span class='ocrx_word' id='word_1_263' title='bbox 510 3050 531 3083; x_wconf 92' lang='lat'>“</span> <span class='ocrx_word' id='word_1_264' title='bbox 544 3043 608 3108; x_wconf 88' lang='lat' dir='ltr'><em>hoc</em></span> <span class='ocrx_word' id='word_1_265' title='bbox 627 3066 667 3108; x_wconf 88' lang='lat' dir='ltr'><em>ne</em></span> <span class='ocrx_word' id='word_1_266' title='bbox 687 3043 872 3112; x_wconf 85' lang='lat' dir='ltr'><em>con‘ectura</em></span> <span class='ocrx_word' id='word_1_267' title='bbox 891 3042 1022 3129; x_wconf 90' lang='lat' dir='ltr'><em>quidem</em></span> <span class='ocrx_word' id='word_1_268' title='bbox 1040 3044 1166 3108; x_wconf 88' lang='lat' dir='ltr'><em>restitui</em></span> <span class='ocrx_word' id='word_1_269' title='bbox 1180 3063 1258 3128; x_wconf 84' lang='lat' dir='ltr'><em>pos·</em></span> 
     </span>
     <span class='ocr_line' id='line_1_34' title="bbox 217 3066 1256 3216; baseline -0.004 -20"><span class='ocrx_word' id='word_1_270' title='bbox 217 3131 323 3210; x_wconf 58' lang='lat' dir='ltr'><em>‘fres’</em></span> <span class='ocrx_word' id='word_1_271' title='bbox 334 3152 437 3216; x_wconf 89' lang='lat' dir='ltr'><em>neque</em></span> <span class='ocrx_word' id='word_1_272' title='bbox 449 3129 530 3193; x_wconf 90' lang='lat' dir='ltr'><em>mihi</em></span> <span class='ocrx_word' id='word_1_273' title='bbox 541 3128 648 3192; x_wconf 89' lang='lat' dir='ltr'><em>locum</em></span> <span class='ocrx_word' id='word_1_274' title='bbox 661 3151 722 3214; x_wconf 91' lang='lat' dir='ltr'><em>sup</em></span> <span class='ocrx_word' id='word_1_275' title='bbox 745 3066 832 3192; x_wconf 78' lang='lat' dir='ltr'><em>leudi</em></span> <span class='ocrx_word' id='word_1_276' title='bbox 842 3128 924 3194; x_wconf 90' lang='lat' dir='ltr'><em>ratio</em></span> <span class='ocrx_word' id='word_1_277' title='bbox 934 3141 1086 3202; x_wconf 76' lang='lat' dir='ltr'><em>constat·</em></span> <span class='ocrx_word' id='word_1_278' title='bbox 1097 3128 1256 3214; x_wconf 81' lang='lat' dir='ltr'><em>Conjece·</em></span> 
     </span>
     <span class='ocr_line' id='line_1_35' title="bbox 215 3150 1256 3299; baseline -0.005 -17"><span class='ocrx_word' id='word_1_279' title='bbox 215 3238 284 3284; x_wconf 88' lang='lat' dir='ltr'><em>ram</em></span> <span class='ocrx_word' id='word_1_280' title='bbox 303 3228 410 3280; x_wconf 88' lang='lat' dir='ltr'><em>tamen</em></span> <span class='ocrx_word' id='word_1_281' title='bbox 429 3213 691 3298; x_wconf 77' lang='lat' dir='ltr'><em>legendum,&#39;sed</em></span> <span class='ocrx_word' id='word_1_282' title='bbox 713 3150 849 3278; x_wconf 65' lang='lat' dir='ltr'><em>ldrtasse</em></span> <span class='ocrx_word' id='word_1_283' title='bbox 870 3235 889 3276; x_wconf 89' lang='lat' dir='ltr'><em>a</em></span> <span class='ocrx_word' id='word_1_284' title='bbox 910 3233 1010 3299; x_wconf 86' lang='lat' dir='ltr'><em>scopo</em></span> <span class='ocrx_word' id='word_1_285' title='bbox 1030 3214 1190 3289; x_wconf 87' lang='lat' dir='ltr'><em>aberrans,</em></span> <span class='ocrx_word' id='word_1_286' title='bbox 1208 3213 1256 3285; x_wconf 84' lang='lat' dir='ltr'><em>vel</em></span> 
     </span>
     <span class='ocr_line' id='line_1_36' title="bbox 216 3297 1258 3390; baseline -0.005 -24"><span class='ocrx_word' id='word_1_287' title='bbox 216 3299 535 3390; x_wconf 77' lang='lat' dir='ltr'><em>quodpraplretatnm,</em></span> <span class='ocrx_word' id='word_1_288' title='bbox 546 3297 635 3384; x_wconf 87' lang='lat' dir='ltr'><em>quud</em></span> <span class='ocrx_word' id='word_1_289' title='bbox 644 3299 775 3362; x_wconf 90' lang='lat' dir='ltr'><em>verbum</em></span> <span class='ocrx_word' id='word_1_290' title='bbox 786 3297 1146 3383; x_wconf 86' lang='lat' dir='ltr'><em>interdumusurpstum</em></span> <span class='ocrx_word' id='word_1_291' title='bbox 1157 3298 1258 3362; x_wconf 82' lang='lat' dir='ltr'><em>estab</em></span> 
     </span>
     <span class='ocr_line' id='line_1_37' title="bbox 214 3381 1256 3468; baseline -0.007 -16"><span class='ocrx_word' id='word_1_292' title='bbox 214 3384 438 3467; x_wconf 79' lang='lat' dir='ltr'><em>ecclesiasticis</em></span> <span class='ocrx_word' id='word_1_293' title='bbox 453 3383 674 3468; x_wconf 89' lang='lat' dir='ltr'><em>scriptoribus,</em></span> <span class='ocrx_word' id='word_1_294' title='bbox 687 3383 736 3448; x_wconf 91' lang='lat' dir='ltr'><em>vel</em></span> <span class='ocrx_word' id='word_1_295' title='bbox 774 3382 833 3446; x_wconf 85' lang='lat' dir='ltr'><em>nod</em></span> <span class='ocrx_word' id='word_1_296' title='bbox 845 3381 1027 3466; x_wconf 79' lang='lat' dir='ltr'><em>completum</em></span> <span class='ocrx_word' id='word_1_297' title='bbox 1042 3381 1256 3466; x_wconf 71' lang='lat' dir='ltr'><em>esl,‚.(innnpoi-</em></span> 
     </span>
     <span class='ocr_line' id='line_1_38' title="bbox 214 3407 1256 3553; baseline -0.004 -19"><span class='ocrx_word' id='word_1_298' title='bbox 214 3476 278 3553; x_wconf 69' lang='grc' dir='ltr'><em>θη),</em></span> <span class='ocrx_word' id='word_1_299' title='bbox 301 3473 396 3536; x_wconf 88' lang='lat' dir='ltr'><em>Hanc</em></span> <span class='ocrx_word' id='word_1_300' title='bbox 407 3488 519 3533; x_wconf 85' lang='lat' dir='ltr'><em>vocem</em></span> <span class='ocrx_word' id='word_1_301' title='bbox 529 3469 745 3553; x_wconf 85' lang='lat' dir='ltr'><em>&#39;posteriorem</em></span> <span class='ocrx_word' id='word_1_302' title='bbox 752 3407 857 3542; x_wconf 53' lang='lat' dir='ltr'><em>‘lrabes</em></span> <span class='ocrx_word' id='word_1_303' title='bbox 867 3467 961 3547; x_wconf 85' lang='lat' dir='ltr'><em>infra,</em></span> <span class='ocrx_word' id='word_1_304' title='bbox 974 3467 1095 3552; x_wconf 86' lang='lat' dir='ltr'><em>siquid</em></span> <span class='ocrx_word' id='word_1_305' title='bbox 1103 3467 1137 3531; x_wconf 94' lang='lat' dir='ltr'><em>id</em></span> <span class='ocrx_word' id='word_1_306' title='bbox 1148 3467 1256 3543; x_wconf 76' lang='lat' dir='ltr'><em>refert,</em></span> 
     </span>
     <span class='ocr_line' id='line_1_39' title="bbox 216 3542 1256 3642; baseline -0.009 -20"><span class='ocrx_word' id='word_1_307' title='bbox 216 3542 336 3642; x_wconf 74' lang='lat' dir='ltr'><em>aidps.</em></span> <span class='ocrx_word' id='word_1_308' title='bbox 352 3554 471 3618; x_wconf 72' lang='lat' dir='ltr'><em>lineo.</em></span> <span class='ocrx_word' id='word_1_309' title='bbox 514 3554 605 3639; x_wconf 83' lang='lat' dir='ltr'><em>Lege</em></span> <span class='ocrx_word' id='word_1_310' title='bbox 625 3574 723 3638; x_wconf 91' lang='lat' dir='ltr'><em>porro</em></span> <span class='ocrx_word' id='word_1_311' title='bbox 742 3552 976 3617; x_wconf 84' lang='lat' dir='ltr'><em>Tertullianum</em></span> <span class='ocrx_word' id='word_1_312' title='bbox 993 3552 1027 3615; x_wconf 90' lang='lat' dir='ltr'><em>in</em></span> <span class='ocrx_word' id='word_1_313' title='bbox 1040 3550 1146 3634; x_wconf 75' lang='lat' dir='ltr'><em>Appio</em></span> <span class='ocrx_word' id='word_1_314' title='bbox 1168 3549 1256 3629; x_wconf 76' lang='lat' dir='ltr'><em>atico,</em></span> 
     </span>
     <span class='ocr_line' id='line_1_40' title="bbox 157 3570 1255 3784; baseline -0.008 -76"><span class='ocrx_word' id='word_1_315' title='bbox 157 3704 160 3708; x_wconf 78' lang='grc'><strong><em>,</em></strong></span> <span class='ocrx_word' id='word_1_316' title='bbox 213 3645 288 3741; x_wconf 70' lang='lat' dir='ltr'><em>&#39;cap</em></span> <span class='ocrx_word' id='word_1_317' title='bbox 300 3654 350 3704; x_wconf 82' lang='lat'><em>21.</em></span> <span class='ocrx_word' id='word_1_318' title='bbox 365 3637 494 3703; x_wconf 80' lang='lat' dir='ltr'><em>Dacius</em></span> <span class='ocrx_word' id='word_1_319' title='bbox 515 3636 609 3717; x_wconf 83' lang='lat' dir='ltr'><em>enirn,</em></span> <span class='ocrx_word' id='word_1_320' title='bbox 630 3636 748 3724; x_wconf 89' lang='lat' dir='ltr'><em>inquit,</em></span> <span class='ocrx_word' id='word_1_321' title='bbox 768 3635 1035 3719; x_wconf 83' lang='lat' dir='ltr'><em>adventibus-ejus</em></span> <span class='ocrx_word' id='word_1_322' title='bbox 1056 3570 1255 3784; x_wconf 46' lang='lat' dir='ltr'><em>signijcatis,</em></span> 
     </span>
     <span class='ocr_line' id='line_1_41' title="bbox 238 3719 1257 3809; baseline -0.008 -19"><span class='ocrx_word' id='word_1_323' title='bbox 238 3746 332 3804; x_wconf 69' lang='lat' dir='ltr'><em>nino,</em></span> <span class='ocrx_word' id='word_1_324' title='bbox 355 3723 411 3809; x_wconf 90' lang='lat' dir='ltr'><em>qui</em></span> <span class='ocrx_word' id='word_1_325' title='bbox 429 3721 500 3809; x_wconf 87' lang='lat' dir='ltr'><em>jam</em></span> <span class='ocrx_word' id='word_1_326' title='bbox 527 3736 705 3809; x_wconf 88' lang='lat' dir='ltr'><em>expunctus</em></span> <span class='ocrx_word' id='word_1_327' title='bbox 718 3734 777 3800; x_wconf 73' lang='lat' dir='ltr'><em>⁴est</em></span> <span class='ocrx_word' id='word_1_328' title='bbox 802 3722 834 3785; x_wconf 89' lang='lat' dir='ltr'><em>in</em></span> <span class='ocrx_word' id='word_1_329' title='bbox 857 3719 1039 3785; x_wconf 86' lang='lat' dir='ltr'><em>humilitate</em></span> <span class='ocrx_word' id='word_1_330' title='bbox 1062 3740 1123 3783; x_wconf 89' lang='lat' dir='ltr'><em>con</em></span> <span class='ocrx_word' id='word_1_331' title='bbox 1149 3719 1257 3798; x_wconf 69' lang='lat' dir='ltr'><em>&#39;tionis</em></span> 
     </span>
     <span class='ocr_line' id='line_1_42' title="bbox 214 3749 1257 3896; baseline -0.006 -22"><span class='ocrx_word' id='word_1_332' title='bbox 214 3749 381 3887; x_wconf 57' lang='lat' dir='ltr'><em>Kumauae,</em></span> <span class='ocrx_word' id='word_1_333' title='bbox 398 3808 539 3885; x_wconf 83' lang='lat' dir='ltr'><em>secundo,</em></span> <span class='ocrx_word' id='word_1_334' title='bbox 552 3807 609 3896; x_wconf 82' lang='lat' dir='ltr'><em>qui</em></span> <span class='ocrx_word' id='word_1_335' title='bbox 625 3805 838 3871; x_wconf 84' lang='lat' dir='ltr'><em>concludendo</em></span> <span class='ocrx_word' id='word_1_336' title='bbox 849 3803 962 3868; x_wconf 80' lang='lat' dir='ltr'><em>saeculo</em></span> <span class='ocrx_word' id='word_1_337' title='bbox 981 3803 1257 3879; x_wconf 64' lang='lat' dir='ltr'><em>imminetinutrl·</em></span> 
     </span>
     <span class='ocr_line' id='line_1_43' title="bbox 216 3887 1255 3976; baseline -0.013 -16"><span class='ocrx_word' id='word_1_338' title='bbox 216 3894 352 3960; x_wconf 80' lang='lat' dir='ltr'><em>limitule</em></span> <span class='ocrx_word' id='word_1_339' title='bbox 372 3892 549 3957; x_wconf 77' lang='lat' dir='ltr'><em>divinitalis</em></span> <span class='ocrx_word' id='word_1_340' title='bbox 570 3903 709 3970; x_wconf 56' lang='lat' dir='ltr'><em>sacrm</em></span> <span class='ocrx_word' id='word_1_341' title='bbox 726 3890 866 3976; x_wconf 85' lang='lat' dir='ltr'><em>primum</em></span> <span class='ocrx_word' id='word_1_342' title='bbox 886 3910 946 3953; x_wconf 81' lang='lat' dir='ltr'><em>own</em></span> <span class='ocrx_word' id='word_1_343' title='bbox 969 3887 1184 3976; x_wconf 82' lang='lat' dir='ltr'><em>intelligendo,</em></span> <span class='ocrx_word' id='word_1_344' title='bbox 1204 3907 1255 3953; x_wconf 60' lang='lat' dir='ltr'><em>se,</em></span> 
     </span>
     <span class='ocr_line' id='line_1_44' title="bbox 214 3973 1255 4065; baseline -0.005 -21"><span class='ocrx_word' id='word_1_345' title='bbox 214 3979 359 4057; x_wconf 69' lang='lat' dir='ltr'><em>madum,</em></span> <span class='ocrx_word' id='word_1_346' title='bbox 376 4001 471 4065; x_wconf 86' lang='lat' dir='ltr'><em>-qaem</em></span> <span class='ocrx_word' id='word_1_347' title='bbox 490 3975 688 4062; x_wconf 81' lang='lat' dir='ltr'><em>manifestias</em></span> <span class='ocrx_word' id='word_1_348' title='bbox 707 3974 917 4060; x_wconf 79' lang='lat' dir='ltr'><em>praedicatam</em></span> <span class='ocrx_word' id='word_1_349' title='bbox 937 3985 1062 4057; x_wconf 83' lang='lat' dir='ltr'><em>sperant</em></span> <span class='ocrx_word' id='word_1_350' title='bbox 1088 3973 1172 4057; x_wconf 77' lang='lat' dir='ltr'><em>(scil.</em></span> <span class='ocrx_word' id='word_1_351' title='bbox 1191 3974 1255 4039; x_wconf 77' lang='lat' dir='ltr'><em>Ju-</em></span> 
     </span>
     <span class='ocr_line' id='line_1_45' title="bbox 215 4055 1255 4147; baseline -0.011 -17"><span class='ocrx_word' id='word_1_352' title='bbox 215 4064 305 4147; x_wconf 87' lang='lat' dir='ltr'><em>daei),</em></span> <span class='ocrx_word' id='word_1_353' title='bbox 321 4085 418 4128; x_wconf 79' lang='lat' dir='ltr'><em>sentem</em></span> <span class='ocrx_word' id='word_1_354' title='bbox 433 4061 700 4127; x_wconf 62' lang='lat' dir='ltr'><em>aestimaverant.</em></span> <span class='ocrx_word' id='word_1_355' title='bbox 716 4062 835 4146; x_wconf 61' lang='lat' dir='ltr'><em>*Quem</em></span> <span class='ocrx_word' id='word_1_356' title='bbox 852 4058 984 4144; x_wconf 85' lang='lat' dir='ltr'><em>quidem</em></span> <span class='ocrx_word' id='word_1_357' title='bbox 999 4055 1187 4136; x_wconf 69' lang='lat' dir='ltr'><em>Tertulliani</em></span> <span class='ocrx_word' id='word_1_358' title='bbox 1203 4055 1255 4133; x_wconf 75' lang='lat' dir='ltr'><em>lu·</em></span> 
     </span>
     <span class='ocr_line' id='line_1_46' title="bbox 214 4137 1256 4235; baseline -0.009 -20"><span class='ocrx_word' id='word_1_359' title='bbox 214 4170 290 4217; x_wconf 87' lang='lat' dir='ltr'><em>cum</em></span> <span class='ocrx_word' id='word_1_360' title='bbox 313 4147 496 4235; x_wconf 80' lang='lat' dir='ltr'><em>Cyprianus</em></span> <span class='ocrx_word' id='word_1_361' title='bbox 518 4145 662 4216; x_wconf 87' lang='lat' dir='ltr'><em>imitatus</em></span> <span class='ocrx_word' id='word_1_362' title='bbox 684 4143 771 4210; x_wconf 86' lang='lat' dir='ltr'><em>haud</em></span> <span class='ocrx_word' id='word_1_363' title='bbox 791 4137 926 4230; x_wconf 76' lang='lat' dir='ltr'><em>longe&#39;a</em></span> <span class='ocrx_word' id='word_1_364' title='bbox 948 4143 1009 4231; x_wconf 74' lang='lat' dir='ltr'><em>line</em></span> <span class='ocrx_word' id='word_1_365' title='bbox 1029 4140 1188 4230; x_wconf 85' lang='lat' dir='ltr'><em>Opusculi</em></span> <span class='ocrx_word' id='word_1_366' title='bbox 1202 4142 1256 4207; x_wconf 87' lang='lat' dir='ltr'><em>Dc</em></span> 
     </span>
    </p>
   </div>
   <div class='ocr_carea' id='block_1_3' title="bbox 0 0 1346 4740">
    <p class='ocr_par' dir='ltr' id='par_1_7' title="bbox 0 0 1346 4740">
     <span class='ocr_line' id='line_1_47' title="bbox 0 0 1346 4740; baseline 0 2"><span class='ocrx_word' id='word_1_367' title='bbox 0 0 1346 4740; x_wconf 95' lang='lat' dir='ltr'><em> </em></span> 
     </span>
    </p>
   </div>
  </div>
 </body>
</html>
