2684 4740
494 254 834 374 ARCHELttus.
1124 329 1184 398 139

142 476 290 556 Perside,
309 478 387 563 Syro
408 491 545 542 sermone
566 479 755 562 composuit3
778 479 832 564 qui
850 476 1021 542 translatus
1044 476 1077 541 iu
1097 501 1185 565 grte-

140 584 228 641 cum,
245 561 376 627 hahetur
395 585 415 625 a
434 562 553 627 multis.
594 564 716 628 Claruit
733 565 787 627 sul
801 566 990 649 Imperatore
1006 563 1114 642 Proho,
1131 564 1186 650 qui

142 646 376 725 Aurelianum
390 648 496 710 Tacito
512 659 705 712 successerat.

137 726 140 732 ’
188 733 403 800 Heraclianus
417 732 690 796 Chalcedonensis
704 733 873 818 episcopus
889 732 1023 796 inlibris
1039 731 1187 797 adversus

143 817 362 895 Manichaeos,
387 817 472 902 apud
500 817 649 880 Photium
676 818 708 881 in
736 818 933 881 bibliotheca
960 816 1073 882 codice
1099 837 1185 882 xcv.

144 903 325 984 (Lxxxv.)
346 901 506 987 Ἀνατρέπει
520 904 547 964 δὲ
561 903 592 964 τὸ
606 907 691 984 παραὶ
705 901 878 987 Μανιχαίοις
892 899 1048 982 καλιίμενον
1063 900 1187 985 εὐαγγέ-

144 1000 215 1063 λιον,
231 988 281 1049 καὶ
294 991 342 1064 τήν
356 987 515 1070 γιγάντειον
528 983 639 1066 βίὸλον,
653 989 701 1049 καί
715 989 777 1060 τοὺς
790 987 944 1094 θησαυρός.
981 986 1147 1069 Καταλίγοι
1162 988 1185 1073 ’i

145 1068 202 1133 icoo
227 1072 288 1177 rapi
309 1075 381 1134 αὖτὲ
404 1075 480 1134 κατὰ
501 1078 548 1148 τής
568 1077 617 1134 τοῦ
637 1070 803 1156 Μανιχαίου
825 1072 1005 1156 συνεγραήαν
1027 1071 1186 1150 ἀθεότητος,

145 1153 314 1238 Ἡγεμονιίν
337 1182 370 1218 τε
394 1158 440 1219 τὸν
463 1160 515 1230 τοὶς
539 1156 700 1242 Ἀρχελάου
726 1159 799 1240 πρὸς
824 1157 906 1219 αὐτὸν
930 1155 1093 1239 ἀντιλογίας
1116 1160 1186 1219 ἀὀνα·

145 1239 314 1326 γράψαντα·
338 1241 387 1303 καί
407 1239 492 1303 Τίτον
512 1240 572 1305 &a
608 1241 734 1304 Evertit
757 1264 825 1304 uero
849 1241 893 1318 id,
909 1240 990 1327 quod
1011 1239 1188 1305 Manichaei

147 1322 312 1408 appellant
328 1324 534 1422 evangelium,
549 1336 579 1389 et
595 1325 787 1412 Giganteum
802 1325 926 1403 librum,
941 1337 1035 1473 atque
1052 1326 1187 1390 Thesau-

146 1430 208 1472 ros.
238 1408 384 1474 Recenset
398 1426 523 1494 iusuper
536 1432 596 1488 eos,
614 1410 754 1496 quiante
768 1434 799 1474 se
813 1411 846 1474 iro
860 1413 974 1475 Marcie
994 1434 1112 1475 aarum
1126 1410 1186 1474 im-

142 1493 297 1577 pietatem
317 1493 471 1557 calamum
489 1494 695 1574 strinxerunt,
711 1496 936 1583 Hegemouium
956 1495 1116 1574 mimirum,
1133 1495 1203 1594 qui

145 1577 390 1663 dupretatiouem
403 1579 552 1643 Archelai
569 1580 715 1644 adversm
735 1581 836 1666 ipsum
850 1583 1012 1644 Manetem
1031 1595 1189 1664 perscrip-

146 1662 189 1726 sit
198 1688 212 1740 ς
234 1674 267 1726 et
285 1663 392 1728 Titum
408 1664 467 1728 &a

189 1748 340 1812 Socrates
362 1749 420 1814 lib.
436 1749 457 1812 i.
482 1749 569 1812 Hist.
591 1750 716 1813 Eccles.
740 1770 810 1834 cap.
831 1764 880 1813 22.
908 1761 982 1834 post
1005 1749 1188 1815 absolutam

146 1831 292 1897 Manetis
316 1833 496 1910 historiam,
518 1834 563 1897 sic
587 1835 703 1920 inquit,
718 1840 819 1897 Ταῦτα
839 1835 866 1896 δὲ
886 1839 962 1915 ἡμεῖς
976 1839 1005 1897 οὐ
1021 1835 1189 1911 πλάσαντες
1299 1848 1304 1859 “

147 1915 280 1999 λέγομεν·
303 1923 384 1982 ἄλλα
403 1918 534 2003 διαλόγου
553 1919 715 2005 Ἀρχελάου
730 1927 778 1982 τοῦ
797 1919 932 1981 ἐτισκίπει
949 1921 1108 2005 Καχάρυον,
1122 1926 1192 2003 μιὶἱς

146 2005 200 2063 τῶν
219 2005 248 2064 ἐν
269 2005 479 2089 Μεσοποταμίᾳ
491 2004 614 2080 πόλεων,
630 2003 787 2090 ἐντυχόντες
801 2003 1006 2089 συνηγάγομεν.
1034 2008 1116 2081 αὐτὸς
1131 2011 1188 2094 γὰρ

145 2085 309 2171 Ἀρχέλαος
330 2092 512 2173 διαλεχθήνση
532 2093 609 2174 αὐτῷ
630 2092 695 2168 φησὶ
718 2091 739 2175 ιζ,
761 2094 799 2152 τοὶ
820 2089 1068 2174 προγεγραμμένα
1088 2094 1123 2165 είς
1142 2093 1189 2155 τὸν

146 2170 207 2249 βίον
222 2174 297 2235 ahai
314 2173 464 2250 ἐκτίθεταμ
498 2175 604 2258 Atque
619 2173 687 2237 hoec
700 2197 753 2237 mos
768 2173 1010 2259 haudquaquam
1029 2176 1190 2240 commeuti

147 2277 279 2336 sumus,·
300 2258 355 2322 sed
368 2282 408 2323 ea
421 2258 630 2341 disputatione
650 2259 785 2344 quadam
800 2258 949 2323 Archelai
966 2259 1188 2325 cascharorum

147 2339 234 2404 urhis
251 2342 285 2405 ia
304 2343 536 2426 Mesopotamia
554 2343 698 2427 episcopi,
719 2367 738 2407 a
759 2344 843 2407 molis
866 2343 957 2422 lecta,
972 2346 1189 2428 excerpsimus

147 2424 214 2489 Hic
229 2426 313 2490 enim
327 2427 501 2491 Archelaus
516 2427 574 2506 ait,
589 2449 703 2491 secum
719 2428 899 2492 Manichoeo
921 2429 983 2511 ipso
1004 2429 1189 2513 disputasse,

146 2519 178 2572 et
192 2531 242 2589 ea,
255 2533 329 2597 quae
343 2512 484 2596 superius
497 2534 518 2576 a
531 2511 618 2576 achis
630 2511 732 2577 relata
744 2524 815 2576 suut
827 2513 864 2575 cle
879 2512 965 2576 illius
979 2513 1045 2577 uita
1060 2535 1198 2578 commea

145 2606 262 2658 morat.
1182 2611 1188 2643 ·'

192 2679 307 2744 Petrus
323 2679 451 2744 Siculus
467 2680 499 2745 in
513 2681 660 2746 Historia
675 2682 933 2746 Manichaeorum
947 2704 1022 2768 pag.
1034 2697 1084 2746 25.
1095 2697 1145 2746 35.
1155 2696 1192 2750 et

145 2775 198 2837 ³7·
222 2785 262 2828 ea
284 2779 401 2829 cuncta
426 2766 468 2829 ad
493 2767 625 2831 verbum
650 2768 758 2843 refert,
778 2790 852 2852 quae
876 2790 972 2853 supra
997 2790 1036 2830 ex
1064 2767 1191 2854 Cyrillo

146 2848 462 2935 Hierosolymitano,
483 2851 517 2914 S.
532 2851 714 2937 Epiphanio
739 2853 779 2915 de
799 2853 961 2916 Mensuris
983 2866 1015 2916 et
1037 2853 1191 2918 Ponderi-

146 2931 223 3010 bus,
246 2944 282 2998 et
303 2955 343 2998 ex
364 2935 506 2999 Socratis
528 2937 674 3000 Historia
695 2937 929 3015 Ecclesiastica,
953 2937 993 3000 de
1016 2939 1190 3020 Archelao,

145 3015 285 3104 ejusque
298 3039 372 3082 cum
390 3021 524 3083 Manete
538 3021 756 3106 disputatione
770 3021 868 3085 modo
883 3023 1063 3087 retulimus.

193 3103 328 3167 Photius
344 3104 524 3188 patriarcha
539 3104 916 3191 Constantinopolitanus
935 3109 1003 3193 [qui
1017 3120 1105 3171 extat
1119 3108 1189 3174 edi·

146 3197 216 3264 tus,
237 3202 276 3251 ut
300 3189 426 3251 monuit
448 3190 651 3267 Gallandius,
675 3191 709 3254 in
732 3191 889 3254 Biblioth.
914 3192 1048 3255 Coislin.
1073 3195 1203 3258 Mont-.

145 3270 235 3334 fauo.
248 3292 281 3357 p.
290 3273 376 3354 356.]
388 3273 420 3335 in
437 3273 520 3337 libro
536 3275 556 3338 i.
571 3274 720 3339 adversus
734 3276 935 3339 Manichaeos
951 3277 1016 3339 suis
1030 3280 1188 3362 tempori·

145 3355 210 3418 bus
225 3356 467 3441 repullulantes,
482 3359 551 3422 haec
567 3360 674 3437 habet,
689 3365 790 3446 Φυγᾶς
805 3364 830 3443 (ὁ
846 3361 957 3440 Μάνης)
975 3361 1189 3442 καταλαμέἄνιι

146 3443 198 3515 τήν
212 3441 448 3523 Μεσοποταμίαν,
457 3443 484 3527 νή
505 3447 623 3529 σπείρειν
637 3445 729 3507 πάλιν
743 3446 905 3531 ἀποίρχεταη
918 3450 955 3506 τοὶ
969 3451 1016 3520 τής
1031 3447 1189 3523 ἀποςασίας

148 3524 269 3605 ζιζάνια.
298 3531 311 3587 ὁ
332 3527 359 3588 δὲ
380 3535 433 3590 τῶν
455 3528 619 3615 Χαρχίιρονν
640 3528 798 3606 ἐπίσκοπος,
819 3529 978 3614 Ἀρχέλαος
995 3533 1071 3615 αὐτῷ
1091 3530 1188 3613 ὄνομα,
1254 3544 1262 3555 “

147 3612 216 3694 ἁνήρ
231 3612 309 3696 lepis,
323 3611 344 3696 ’l
358 3614 426 3695 περὶ
441 3612 542 3697 λόγους
559 3613 611 3687 τιίς
631 3640 662 3676 τε
681 3613 781 3690 θείους,
798 3616 820 3699 ιζ,
841 3616 891 3688 riis
910 3615 1089 3696 ἀνθρωπίνους
1104 3643 1188 3702 περι·

147 3691 246 3772 δέξιος,
261 3698 401 3772 ἑλληνικόν
415 3697 616 3783 αθροισοίμενος
630 3700 819 3784 ἀκροατήριον,
834 3699 878 3761 ίνα
892 3702 930 3780 μή
945 3701 1019 3783 δίξη,
1035 3706 1188 3784 Χριςιανὸνν

146 3777 301 3862 aperimur,
315 3779 460 3866 φιλοτιμίᾳ
480 3781 632 3863 λαμὸσίνειν
653 3786 692 3845 τοὶ
711 3784 850 3868 νικητήρια
869 3791 884 3859 ἡ
904 3785 1033 3861 ἀλήθεια,
1053 3788 1124 3869 πρὸς
1142 3789 1189 3849 τὸν

144 3868 196 3938 τῆς
217 3862 320 3944 μανίας
341 3865 489 3947 ἐπώνυμον,
512 3868 557 3929 τὸν
578 3871 624 3942 τῆς
647 3865 785 3940 εὒσεὸείας
811 3869 977 3944 ἀνακινήσας
1000 3870 1096 3952 λόγον,
1119 3868 1189 3932 οὗτοι

145 3946 305 4032 κατήχυνε,
321 3950 369 4012 καὶ
392 3951 518 4034 διήλεγξε
537 3953 584 4013 τὸν
600 3952 814 4038 τρισαλιτήριον,
835 3954 871 4025 ὥς
893 3953 999 4016 αὐτίκα
1018 3956 1189 4037 καταφυγεῖν

145 4035 264 4109 ἐπεῖδον,
279 4033 328 4095 καί
347 4035 415 4115 μηδὲ
436 4038 502 4117 φυήν
524 4035 620 4100 haicio
636 4040 675 4098 τοὶ
694 4042 742 4112 τῆς
760 4037 918 4111 ἂποςασίας
935 4043 1007 4101 airis
1025 4038 1189 4121 σπέρματαὶ

146 4118 217 4180 ἀλλ’
231 4119 335 4181 ἐκεῖθεν
349 4121 479 4202 ἀποδρὰς,
493 4119 706 4203 καταλαμὸίινει
728 4120 822 4202 κώμην
841 4127 903 4185 τινὰ
919 4131 973 4185 τῶν
993 4121 1189 4201 εὖτελεςοίτυνν,

146 4200 234 4284 κᾴκιῐ
244 4200 355 4295 πάλιν·
367 4205 546 4295 οἰτοθάλιιειν
557 4209 731 4292 ἐμηχανᾶτο,
747 4207 795 4271 καὶ
815 4206 1030 4298 παραδεικνύων·
1043 4207 1076 4274 τὸ
1096 4209 1191 4274 οἰκεῖον
