2684 4740
238 329 303 396 432
485 325 593 371 iuunx
616 327 838 372 ruornionunr
859 327 1036 389 somnust,
1087 362 1102 371 ..

272 483 331 525 suut
341 476 448 538 eorporis
463 475 602 534 sanitatem,
614 482 687 536 atquc
697 482 734 523 et·

271 559 321 608 ium
337 576 352 607 s
366 566 444 608 morte
454 559 664 615 resurrectionen,
674 559 733 617 337,

272 643 328 690 362.

239 722 484 786 Mispliregmuthosis
490 737 533 770 rex
538 722 674 784 AEgyptius
684 722 733 770 Sub

270 820 300 854 eo
311 806 480 868 consignatum
491 810 537 862 est,
549 804 592 852 sed
607 818 732 864 perperam

270 887 382 944 tortasse,
394 885 552 934 Deucalionis
568 884 695 944 diluvitnm,
707 884 733 932 ii.

272 968 327 1026 142,
339 967 395 1016 269.

238 1048 365 1097 Missorius
385 1045 563 1112 (Reymundus)
584 1048 689 1108 plurime
705 1063 732 1096 o·

816 490 872 524 oum
886 477 970 526 luscld
983 477 1131 539 tenporibus
1145 477 1211 526 huuc
1222 472 1286 528 cotil

815 561 898 608 venire
909 560 1059 610 tradideram
1068 560 1199 610 Africanus
1214 568 1241 610 et
1257 577 1284 610 n·

815 637 861 697 lii;
881 639 996 687 ducentos
1014 638 1111 686 circiter
1129 654 1210 687 annos
1225 648 1284 700 post

815 722 933 770 lnechum
944 721 1046 770 eundem
1056 721 1137 782 posunt
1150 722 1282 781 Eusebius,

814 819 887 865 quem
896 803 971 852 secuti
982 811 1041 852 mut
1054 804 1197 866 chronologi
1208 805 1284 866 pleri-

814 900 862 945 que
870 886 1024 944 recentiores,
1031 886 1088 933 296.
1104 885 1190 933 Mum
1199 886 1283 935 Chris<

815 965 938 1026 ongum
949 965 1046 1027 ejusque
1056 966 1179 1013 vitreoum
1190 967 1304 1016 Christi·

814 1045 866 1093 vite
875 1047 1033 1107 comparatio,
1045 1047 1077 1093 iv.
1088 1047 1228 1096 246-246.

268 1129 368 1190 pussula
383 1129 407 1175 S.
419 1128 542 1190 Cyprinno
553 1127 654 1188 aliisque
665 1128 732 1190 abju-
782 1124 861 1174 Mosis
880 1141 1000 1174 annorum
1019 1141 1134 1176 numerus
1152 1142 1231 1190 usquc
1250 1129 1281 1177 ad

268 1207 349 1256 dicere
359 1208 449 1254 fnntm
460 1213 561 1254 conanus
573 1213 618 1264 est,
631 1206 666 1254 iii
679 1207 731 1254 151.

237 1291 352 1338 Mitiodes
361 1291 496 1348 hereticus,
508 1289 540 1337 iv.
550 1292 577 1348 5,
587 1290 628 1338 36.

814 1207 906 1270 Cyrum
922 1223 1003 1271 regem
1021 1209 1158 1268 Persarum,
1175 1210 1202 1258 i'u
1223 1211 1281 1268 160,

812 1289 869 1338 299.

236 1372 422 1429 Μ111ιηι,ί.62.
440 1370 488 1418 Dei
499 1385 587 1418 nomeu
599 1371 663 1432 opud
674 1371 730 1418 Per·
779 1368 919 1419 IaexMosis
926 1372 1280 1434 tanquumluoerns,usqueeo

267 1466 315 1508 sss,
327 1450 359 1496 iv.
370 1450 425 1498 224.

235 1531 341 1591 Mnevis,
353 1538 379 1581 ct
387 1530 457 1592 Apis,
468 1537 494 1578 et
509 1530 649 1579 Mendesius
658 1545 731 1592 ceper

267 1613 312 1662 sub
322 1627 379 1675 rege
390 1611 506 1676 AEgyptio
517 1612 585 1660 Choo
599 1610 643 1660 Dii
652 1611 729 1660 habiti

268 1700 334 1753 sunt,
346 1693 372 1741 ii.
386 1693 439 1740 134.

235 1774 326 1823 Modus
336 1773 471 1822 infinitivus
480 1773 607 1822 subaudita
616 1769 682 1830 ὒσξιι
689 1787 729 1821 08-

267 1855 371 1903 uonibus
382 1855 497 1913 solennis,
509 1853 545 1902 iii.
554 1853 611 1902 463.

143 1941 149 1954 ·
232 1932 307 1993 itii,
320 1934 429 1991 unam,
441 1932 466 1979 u.
477 1933 535 1990 ssa,
547 1933 603 1979 510.

233 2014 247 2065 ὁ
270 2012 394 2077 Mosqxi's,
415 2012 440 2058 rs*
466 2011 597 2071 sspss'raros
620 2011 728 2077 stigma

265 2096 305 2146 τῆς
316 2092 436 2143 innascier
448 2093 476 2138 r?
489 2092 543 2149 Θιῧ,
555 2091 590 2139 lii.
604 2092 659 2150 179,
671 2093 727 2152 183,

266 2177 322 2234 188,
336 2173 469 2224 190-192.

811 1451 868 1498 dum
886 1451 924 1499 sol
940 1466 1011 1500 verus
1027 1453 1147 1514 oriretur3
1166 1456 1209 1502 sed
1226 1470 1280 1504 nou

810 1528 865 1578 ideo
875 1531 1012 1593 objicienda
1018 1533 1126 1592 lucerne,
1134 1534 1212 1581 veluti
1221 1549 1281 1582 oon-

810 1609 886 1657 treris
905 1610 961 1669 soli,
977 1611 1036 1671 quin
1054 1612 1136 1672 potius
1153 1592 1280 1674 comperto

811 1689 863 1752 ejus
872 1705 927 1751 usu,
938 1692 1013 1740 etism
1026 1692 1169 1759 diligentius
1178 1697 1280 1742 serren-

811 1772 852 1831 ἀι,
863 1773 896 1820 iv.
907 1774 963 1821 243.

778 1854 803 1902 S.
810 1853 894 1903 Moses
904 1855 1029 1903 Romnum
1038 1857 1174 1920 presbyter,
1181 1864 1210 1904 et
1219 1871 1279 1904 oon-

811 1936 896 1995 fessor,
908 1952 956 1998 qun
966 1937 1061 1986 ratione
1071 1938 1162 1986 dicitur
1176 1953 1277 1986 exeom-

810 2017 946 2065 munieusse
960 2017 1138 2075 Novidunum,
1146 2017 1230 2065 3395.
1241 2016 1277 2064 iii.

811 2099 851 2156 15,
860 2098 901 2156 60,
911 2098 950 2146 61.
971 2103 1080 2146 mrtuus
1090 2104 1198 2146 estante
1208 2099 1275 2146 ordi-

809 2179 934 2227 nationem
945 2181 970 2227 S.
980 2179 1097 2237 Cornelii,
1110 2178 1153 2238 62,
1162 2179 1203 2227 63.

231 2258 245 2309 t
260 2257 320 2319 cipi·
336 2256 416 2314 iiim,
428 2255 463 2302 iii
476 2255 725 2314 179,162,166,199,
776 2259 926 2307 Moslietnius
937 2258 1019 2324 (doun.
1027 2258 1198 2321 Laurentius),
1207 2261 1274 2323 232,

263 2342 319 2388 201.

231 2419 371 2482 μονομαχίας
382 2429 407 2468 el
417 2420 569 2484 θηριομαχιίις
581 2419 664 2466 Latini
675 2433 723 2465 uno

262 2503 372 2548 muneris
382 2500 499 2547 vocabulo
511 2499 723 2559 comprehendunt,

263 2582 279 2628 i.
284 2581 340 2629 324.
350 2581 486 2639 μονομαχεῖν
493 2580 522 2626 de
529 2578 657 2635 bestiariis,
666 2578 723 2625 ibid.

229 2664 290 2726 μὸιος
303 2663 417 2727 ricimiro
429 2662 456 2713 tic
472 2662 508 2708 σὺ
524 2661 579 2717 sais,
590 2661 607 2708 i.
620 2661 673 2707 192.
696 2661 722 2707 in

167 2777 172 2783 -
263 2745 430 2805 ambiguoest,
438 2742 496 2802 quid
504 2740 723 2801 vuleetpirosstll.

230 2824 395 2872 Moutueutius
427 2820 564 2885 (Ricardus)
600 2821 724 2884 episcopus

260 2906 433 2963 Norwicensis,
445 2905 461 2952 i.
470 2905 526 2952 212.

809 2340 865 2397 121,
885 2341 941 2398 123,
962 2341 1021 2401 216,
1038 2343 1095 2400 296,
1114 2343 1173 2401 306,
1192 2343 1275 2390 373-

805 2420 861 2468 375.
877 2421 903 2467 ii.
914 2422 969 2470 377.
985 2423 1020 2469 iii.
1033 2424 1087 2471 123.
1115 2424 1176 2484 Ejus
1183 2424 1274 2485 judici-

805 2517 848 2548 um
859 2503 888 2549 de
900 2503 1046 2564 Fragmento
1062 2505 1153 2552 lncerti
1165 2505 1273 2567 Scripto-

804 2583 839 2630 ris
848 2583 891 2630 De
904 2584 1002 2632 Conone
1014 2584 1041 2632 S.
1051 2585 1145 2647 Scapt.
1156 2586 1189 2633 iv.
1201 2589 1225 2636 9.
1243 2589 1272 2636 de

805 2671 902 2711 auctore
919 2664 1034 2711 Pastoris
1051 2665 1155 2712 Hmuae
1173 2673 1272 2714 senten·

806 2745 850 2801 tia,
868 2746 973 2793 31-33.
1001 2746 1025 2792 S'.
1043 2745 1179 2809 Dionysius
1198 2749 1272 2796 Alex·

806 2826 922 2874 audrinus
938 2833 1023 2874 contra
1038 2826 1108 2874 illum
1119 2829 1268 2889 vindicatus,

804 2907 941 2955 266-266.

230 2987 343 3034 Montani
354 2986 450 3033 heresis
462 2985 497 3030 nia
507 2984 633 3048 προφητεία
645 2987 723 3033 nomi·
773 2990 881 3053 Moylius
894 2988 1043 3053 (Gunlterus)
1056 2989 1091 3038 iii
1102 2993 1144 3040 43.

262 3075 328 3124 netu,
345 3068 362 3113 i.
375 3065 432 3122 469,
444 3067 502 3123 473,
513 3066 569 3112 474.
597 3066 656 3127 Ejus
672 3067 724 3115 vita
773 3072 863 3120 Mulier
872 3087 953 3120 corum
964 3072 1071 3120 Domino
1080 3074 1215 3124 multorum
1224 3075 1267 3123 cri.

260 3162 395 3208 moresque,
406 3145 432 3193 ii.
444 3148 485 3204 55,
495 3146 534 3194 57.
551 3147 610 3207 Ejus
617 3147 719 3207 jejunia,

803 3154 896 3202 minum
908 3160 1028 3212 scemate,
1040 3154 1056 3200 i.
1069 3155 1111 3213 14,
1122 3157 1163 3203 35.

260 3231 301 3289 61,
309 3231 348 3278 62.
360 3230 419 3292 Ejus
428 3245 503 3290 mors,
512 3232 553 3288 53,
560 3232 573 3278 7
576 3232 598 3278 6.
609 3231 664 3278 Vid.
673 3232 720 3279 Cs-
770 3236 877 3284 Mundos
888 3236 948 3283 ulios
958 3242 1045 3296 preter
1057 3236 1123 3285 bunc
1133 3252 1188 3286 esse
1197 3239 1265 3287 dooe-

258 3313 390 3376 tnphrygae,
401 3319 426 3360 et
436 3311 570 3373 Prophetiu
579 3312 684 3371 edendae,
696 3320 721 3359 et

259 3395 406 3453 Maximilla,
418 3403 443 3442 et
453 3394 620 3457 Xerophagias.

226 3476 423 3524 Monttsuconius
444 3475 614 3539 (Bernartius),
631 3476 647 3522 i.
666 3477 719 3524 141.

257 3558 284 3604 ii.
294 3558 352 3615 432,
364 3559 418 3606 519.
434 3558 470 3605 iii.
480 3558 535 3606 246.

801 3317 862 3364 bunt
877 3316 1015 3375 Manicbaet,
1033 3316 1065 3364 iv.
1081 3317 1137 3366 164.
1163 3322 1264 3376 mundos

802 3412 902 3446 numero
915 3397 1024 3445 intiuitos
1034 3399 1124 3447 atomis
1138 3399 1202 3449 effici
1217 3402 1263 3450 De·

801 3477 917 3525 mocritus
935 3483 962 3525 et
979 3476 1261 3539 Epicumsrstutnebant,

795 3558 859 3616 -346,
871 3558 926 3606 363.

225 3638 352 3687 Mosellius
376 3637 514 3701 (lacobus),
536 3640 632 3687 Praefet.
652 3640 718 3688 xxvi.
769 3643 900 3692 Muuerom
916 3643 967 3691 dies
983 3643 1100 3692 ordinarii
1115 3655 1140 3693 et
1155 3655 1261 3697 extusum

255 3721 292 3768 iii.
303 3711 360 3778 369,
371 3722 427 3768 416.

800 3725 898 3783 dinarii,
909 3726 926 3772 i.
937 3725 993 3773 316.

224 3803 310 3851 Morus
324 3801 450 3866 (doannes)
467 3802 591 3863 episeopus
607 3803 718 3852 Eliensis.
768 3807 917 3856 Muretorius
942 3807 1044 3871 (Ludos.
1063 3808 1142 3871 Ant).
1180 3812 1261 3860 Edidit

260 3883 392 3942 &calopus
407 3882 466 3931 MS.
482 3896 556 3942 penes
573 3897 628 3930 eum
650 3883 718 3932 (hdi-

256 3976 312 4010 oum
324 3961 511 4019 Vaticanum,
522 3960 539 4007 i.
553 3961 606 4008 140.

223 4042 301 4094 Mosis
320 4038 481 4090 Choreneusis
497 4039 613 4089 Historia
627 4025 715 4090 Arine-

254 4127 337 4180 ιιὶαοα,
350 4122 367 4169 i.
378 4121 482 4170 97-99.
499 4120 525 4167 ii.
536 4122 593 4179 356,
604 4122 660 4170 357.
690 4160 692 4165 .

222 4209 261 4258 De
276 4208 353 4257 exodo
370 4205 458 4265 Mosis,
473 4204 714 4266 ii.159-163,265.

799 3889 963 3950 fragmentum
982 3889 1104 3950 quoddam
1123 3891 1261 3941 Alexandro

797 3970 1021 4033 Hierosolymituuo
1052 3971 1166 4032 episeopo
1201 3975 1261 4023 falso

797 4051 953 4113 sdsmiptum,
973 4051 999 4099 ii.
1016 4053 1056 4099 50.
1084 4053 1170 4102 Edidit
1187 4055 1261 4118 Freg-

797 4135 905 4176 mentum
917 4128 1007 4178 Incerti
1023 4129 1136 4178 Auctoris
1152 4131 1195 4179 Ds
1213 4133 1261 4182 Cs-

797 4219 868 4256 uoun
879 4209 902 4256 S.
910 4210 1014 4258 Scutrr.
1025 4211 1090 4272 quod
1100 4211 1153 4273 ipse
1163 4212 1260 4275 quidem
