2684 4740
145 322 206 383 ¹26
241 322 479 389 ascum!
502 326 558 389 tt
577 323 784 390 smnus
803 322 1106 392 niseurfflot

145 509 215 553 esse
230 492 421 575 perieram,
436 494 514 580 quid
534 494 692 558 destruxit
710 493 879 557 ostendat:
899 496 993 580 qnod
1012 495 1107 559 enin
1128 493 1186 557 dc·

145 616 299 675 struem,
314 604 494 687 Qunam
512 624 571 679 est,
592 626 666 689 quae
688 604 722 665 in
745 603 839 665 nobis
857 620 918 667 ut
954 604 1061 668 Dicat
1073 603 1181 689 igitur,

147 704 226 790 quid
247 706 415 789 cissimis
434 712 512 797 quid
529 714 560 774 in
577 712 723 774 notitiam
740 710 896 795 protulit?
930 712 969 775 Si
982 710 1068 797 quid
1079 711 1178 774 Eum

145 830 265 899 ptest,
279 820 385 898 iaciat,
399 838 438 885 ut
451 822 539 884 credi
553 822 583 883 ei
597 821 721 905 possit?
754 819 870 881 Sermo
888 840 967 883 tero
985 820 1065 897 iste,
1078 840 1172 905 qm·
1222 854 1225 893 ς

146 940 214 986 tam
239 926 357 992 babeat
379 932 541 1007 virtutem,
561 930 589 992 si
610 928 752 1013 potuerit
771 926 946 1012 diligenter
965 927 1117 1013 ntsffigi,
1133 925 1171 989 itt

146 1030 278 1097 derrmm
293 1038 380 1101 credi
394 1040 513 1124 poterit
525 1039 586 1115 his,
597 1059 672 1122 qnae
685 1058 707 1098 a
719 1056 773 1097 me
784 1035 903 1098 inerint
912 1048 1047 1098 mern.
1078 1033 1169 1120 Igitur

146 1142 180 1204 in
195 1144 296 1227 prima
310 1147 350 1210 ad
366 1148 552 1210 Corinthios
566 1145 704 1230 epistola
717 1143 788 1206 hac
806 1143 886 1206 dicit
907 1143 1028 1206 Paulus
1047 1141 1091 1206 ck
1107 1162 1167 1228 pet·

148 1253 247 1329 fecto,
264 1256 320 1339 qui
335 1272 484 1320 tenturus
497 1272 559 1334 est,
576 1254 672 1319 Ζδέτι
685 1252 875 1335 emporia,
890 1251 1101 1329 dematur,
1115 1249 1166 1313 site

150 1360 280 1447 lingva,
296 1364 468 1443 cerini-ant,
481 1366 545 1428 rire
558 1363 698 1439 scientio,
711 1361 908 1437 destmetm
928 1383 971 1423 ex
987 1371 1081 1444 perte
1098 1358 1164 1424 euin

154 1470 272 1547 scimur,
287 1486 317 1536 et
333 1497 372 1537 ee
383 1486 476 1558 purte
486 1475 717 1559 prophetamus.
755 1472 834 1534 Cum
847 1482 953 1534 crte·
967 1472 1086 1536 venri!
1098 1467 1166 1557 qod
1220 1470 1225 1565 i

144 1579 316 1664 perfectum
330 1594 388 1662 ert,
404 1584 439 1646 id
451 1584 534 1670 quud
546 1608 587 1647 ex
596 1594 689 1667 porte
701 1592 759 1658 est,
773 1581 960 1644 destruetur.
1004 1580 1165 1664 Videego
1222 1584 1225 1613 ¹

147 1706 300 1776 quantam
316 1693 348 1756 in
364 1714 433 1757 sese
451 1695 570 1757 babeat
586 1693 749 1768 virtutem,
769 1689 859 1775 quod
877 1689 1058 1774 perfectum
1074 1698 1166 1767 estet

146 1800 240 1885 eujus
256 1801 298 1863 sit
317 1802 437 1865 ordinis
459 1804 520 1866 ista
540 1800 708 1888 perfectio.
751 1800 850 1862 Dicat
869 1812 981 1861 sutem
1002 1798 1067 1862 iste
1084 1816 1167 1884 qm

146 1906 338 1973 destruxerit
358 1910 559 1995 prophetiam
579 1908 783 1985 Judaeorum,
805 1928 843 1970 sc
863 1908 1094 1985 Hebraeornm,
1106 1906 1169 1971 ¹seu

148 2014 274 2101 linguas
302 2039 425 2081 cessare
449 2020 526 2083 iecit
550 2020 755 2094 Graecorum‚
784 2029 841 2078 aut
867 2037 997 2094 eornm,
1018 2017 1077 2103 qui
1097 2014 1172 2081 idob

147 2125 271 2205 colunt,
285 2128 332 2191 vel
348 2152 420 2215 quae
434 2130 498 2194 alia
515 2129 672 2216 dogmata
689 2128 859 2206 destruxit,
880 2127 1112 2203 Valentin'nni,
1127 2136 1175 2191 snt

146 2236 336 2317 Marcionis,
358 2254 414 2303 aut
434 2228 577 2317 Tatiani,
596 2251 655 2302 aut
680 2236 824 2313 Sabellii,
848 2248 1107 2323 caetemrumque
1126 2234 1178 2323 qui

148 2345 310 2431 propriam
333 2347 461 2410 sibimet
483 2347 561 2432 ipsis
581 2346 745 2410 scientiam
768 2360 1031 2430 composuerunt.
1071 2346 1181 2411 Quem

148 2454 264 2519 borum
289 2456 445 2520 destruxit
467 2457 566 2535 dicat,
587 2470 645 2520 aut
666 2455 796 2541 quando
818 2454 976 2534 destruet,
998 2456 1090 2543 qussi
1109 2477 1183 2543 per·

147 2566 275 2632 iectus?
314 2568 463 2631 Inducias
479 2566 623 2631 fortassis
637 2566 759 2652 aliquas
775 2566 903 2652 quaerit.
948 2568 1068 2630 ιιιΝοιι
1081 2567 1185 2654 plane,

148 2699 213 2741 non
228 2691 293 2741 tam
310 2677 457 2755 obscure,
470 2692 502 2740 et
515 2675 701 2762 ignobiliter
714 2673 860 2737 adveniet
873 2673 940 2752 ille,
953 2675 1012 2760 qui
1024 2677 1187 2762 perfectus

149 2801 210 2865 cst,
235 2786 267 2849 id
292 2800 352 2864 cst,
377 2789 472 2850 Jesus
495 2786 645 2849 Christus
666 2783 828 2848 Dominus
852 2796 974 2846 noster.
1017 2785 1086 2850 Sed
1107 2786 1190 2851 sicut

151 2898 219 2961 Rex
233 2894 401 2959 adveniens
417 2894 457 2958 ad
474 2896 586 2958 urbem
602 2917 705 2973 suam,
721 2892 889 2978 praemittit
901 2893 1010 2976 primo
1024 2907 1043 2939 ¹¹
1054 2896 1188 2962 Protec-

150 3017 237 3069 tores
263 3022 350 3080 suos,
376 3002 480 3085 signa,
508 3000 674 3079 dracones,
699 3002 837 3079 labaros,
861 3001 985 3077 Duces,
1012 3003 1191 3092 Principes,

151 3111 333 3187 Praescctos,
353 3121 386 3171 ct
404 3108 550 3171 universa
571 3108 725 3172 continuo
747 3120 1002 3185 commoventur,
1023 3110 1098 3175 aliis
1117 3135 1192 3177 vero

150 3218 382 3295 metuentibus,
397 3217 467 3280 aliis
487 3240 561 3281 vero
581 3217 798 3303 gaudentibus
813 3238 873 3301 pro
887 3218 1117 3301 expectatione
1130 3223 1193 3286 Re·

150 3334 220 3421 gis3
245 3332 336 3394 itaet
350 3326 512 3392 Dominus
535 3349 625 3390 meus
646 3329 752 3404 Jesus‚
772 3325 828 3411 qui
849 3338 901 3388 est
920 3346 993 3388 vere
1014 3330 1193 3412 perfectus,

152 3441 320 3507 adveniens
338 3436 505 3522 promittit
527 3436 558 3498 in
581 3435 686 3520 primo
708 3435 845 3521 gloriam
869 3456 971 3513 suam,
994 3435 1194 3504 incontami-

151 3552 217 3617 nati
232 3564 329 3635 atque
344 3545 540 3610 immaculati
554 3545 646 3630 regni
660 3544 883 3629 praedicatores
898 3556 1052 3624 sacratos,
1063 3559 1101 3612 et
1115 3562 1195 3615 tunc

154 3660 314 3725 ’universa
325 3668 469 3720 creatura
480 3653 747 3731 commovebitur,
758 3665 791 3715 et
800 3650 1196 3744 conturbabitur,suppli·

187 3880 192 3919 ¹
209 3884 239 3932 ln
251 3880 374 3930 Catinensi
387 3889 431 3935 est,
440 3879 485 3937 red,
498 3893 569 3940 prava
580 3878 660 3926 lectio.

161 3950 163 3955 ,
184 3970 202 3997 ¹¹¹
214 3964 295 4013 Codex
308 3961 453 4018 Cssiuensis,
466 3961 515 4006 Non
527 3959 596 4020 plane
612 3969 669 4005 nota.
698 3958 745 4004 Sed
761 3957 861 4004 omissas
877 3954 908 4002 ab
922 3953 1042 4005 oscitante
1053 3957 1156 4009 lsttrario
1166 3960 1197 4009 li.

152 4048 233 4101 molus
245 4044 338 4101 censui,
347 4056 402 4105 quoe
413 4040 535 4088 vocalibus
547 4039 700 4102 superposita
711 4047 871 4086 consonanter
881 4037 1043 4098 designarent.

184 4134 196 4163 ¹¹
214 4130 251 4179 Dc
264 4128 301 4175 bis
313 4125 360 4172 lute
371 4131 424 4185 post
435 4121 613 4168 Gothofredum
624 4120 766 4181 Ducangius
777 4119 802 4166 in
814 4117 942 4164 Glossario.

354 4236 437 4287 ²Cor.
450 4238 499 4285 xiii.
514 4249 598 4288 s-lo.
730 4237 824 4287 ³Rom.
835 4236 877 4284 viii
898 4247 926 4285 nt
951 4246 991 4284 tt.
