2684 4740
226 302 464 374 Ancnutnt
486 306 543 372 nr
563 304 769 374 nonnus
790 277 1079 372 orsrurnno.
1115 308 1175 372 221
1233 265 1236 270 ’

141 489 202 542 tur.
244 474 443 543 ‘Volent'ibus
467 473 577 543 autem
602 477 727 543 Galatis
752 477 793 542 ab
814 466 998 563 Evangelio
1012 473 1176 540 transferri

141 585 196 663 nit,
214 586 339 648 ¹Miror
353 587 435 672 quod
449 587 492 650 sic
508 597 573 651 tom
589 587 650 650 cito
666 586 893 671 transferimini
908 584 946 649 αἱ)
958 608 1003 665 eo,
1019 572 1074 670 qui
1088 605 1178 646 uocu-

142 696 187 760 uit
200 719 265 776 vos,
281 698 314 762 in
328 697 418 763 uliud
432 700 654 787 Evangelium,
671 700 753 786 quod
766 723 827 764 non
842 711 887 764 est
903 681 1013 763 uliud}
1036 698 1099 762 nisi
1108 707 1180 761 sunt

143 804 197 888 qui
218 826 271 868 uos
293 806 486 886 conturbant,
508 819 538 872 et
558 807 666 872 uolunt
688 806 857 873 roontere'
871 829 922 871 vos
944 806 982 870 ob
1006 804 1181 892 Inrongelio

146 913 274 978 Cirristi.
320 915 381 981 Sed
394 917 489 981 etium
503 917 530 980 si
546 939 600 980 nos
616 916 688 1002 ipsi,
710 928 764 980 out
779 915 921 1004 Angelus
942 916 979 979 de
1001 898 1076 979 caeto
1097 914 1182 978 nolis

145 1014 389 1102 enuntiaverit
406 1007 620 1110 praeterquom
643 1025 724 1110 qnod
746 1021 897 1088 traditum
920 1033 964 1086 est
986 1018 1081 1100 nolin
1104 1043 1184 1085 uno·

146 1131 247 1196 tiemo
264 1132 319 1195 sit.
353 1135 397 1197 Et
412 1156 537 1198 rursum
553 1134 609 1210 ait,
625 1132 731 1196 2ΜὶΙιὶ
752 1133 854 1218 infimo
877 1133 1013 1197 omnimo
1028 1133 1183 1215 prosto·

121 1236 345 1333 ‚iorumdotu
366 1252 411 1304 est
430 1242 540 1328 gratio
562 1241 639 1306 iaec.
692 1242 774 1327 Quae
795 1242 877 1306 enim
899 1242 1026 1306 deerant
1049 1239 1185 1304 tritulu-

147 1349 266 1412 tionum
284 1348 413 1428 corun,
429 1353 462 1414 in
477 1366 568 1414 corne
582 1372 651 1414 meo
666 1349 830 1435 adimpleo.
874 1354 917 1415 Et
931 1353 962 1416 in
977 1352 1040 1416 alio
1055 1371 1183 1415 rursum
1213 1406 1216 1410 ,

146 1455 219 1522 loco
234 1457 416 1542 profitetur,
432 1460 508 1544 quia
523 1459 644 1544 ³Snper
659 1470 786 1524 caetu‘os
804 1460 922 1524 Ciristi
941 1460 1096 1539 minister,
1111 1472 1185 1523 tan-

149 1587 245 1652 quam
261 1566 288 1630 si
304 1580 416 1652 postea
431 1567 564 1631 omnino
580 1590 644 1632 non
667 1568 709 1632 sit
727 1568 808 1633 alius
831 1567 1068 1655 expectandus3
1086 1554 1185 1654 jubet

147 1674 232 1737 enim
248 1696 351 1761 neque
366 1676 529 1762 Angelum
550 1677 591 1740 de
609 1677 691 1741 caelo
712 1677 841 1762 suscipi.
885 1679 929 1739 Et
943 1663 1108 1762 quomodo
1123 1675 1186 1738 ³de

148 1781 276 1846 Perside
296 1780 473 1849 venientem
496 1774 652 1864 Manem.
665 1798 699 1850 et
718 1775 893 1849 ⁴dicentem¹
906 1805 940 1848 se
961 1805 1030 1848 esse
1051 1783 1187 1847 Paracli-

148 1903 231 1971 tum,
248 1915 307 1958 nos
320 1915 389 1957 esse
401 1894 584 1958 credimus?
598 1917 600 1920 ’
625 1896 674 1959 lta
688 1893 774 1958 enim
791 1915 934 1979 agnosco
948 1915 987 1957 ex
1002 1892 1078 1972 hoc,
1094 1892 1183 1979 quod

148 2023 232 2065 unus
244 2002 305 2066 iste
320 2004 361 2067 sit
376 2025 415 2066 ex
430 2001 503 2083 illis,
519 2005 574 2089 qui
588 1994 866 2082 transformentur,
881 2003 922 2067 de
944 2002 1063 2090 quibus
1083 2001 1187 2065 muni·

149 2109 230 2174 feste
244 2110 334 2174 vobis
349 2109 499 2176 indicavit
519 2114 585 2176 Vas
608 2111 775 2176 electionis
796 2103 975 2196 Apostolus
998 2098 1116 2174 Paulus
1138 2108 1189 2174 di·

150 2239 236 2296 oens,
246 2224 263 2258 ⁴
273 2220 361 2306 Quin,
368 2221 401 2284 in
413 2221 586 2285 nouissimis
599 2218 784 2305 tenporibus
795 2221 935 2284 recedent
944 2219 1072 2306 quidum
1082 2207 1189 2303 oficio,

151 2328 344 2392 attendentes
370 2330 530 2413 spiritibus
553 2328 771 2409 seductoribus,
791 2340 821 2393 et
847 2329 996 2392 doctrinis
1021 2319 1190 2391 doemonio·

151 2457 232 2516 rum,
258 2437 291 2500 in
320 2437 474 2523 hypocrisi
502 2438 663 2502 mendacio
684 2437 874 2523 ‘loquenten
902 2435 1107 2499 cutrteriutum
1132 2433 1190 2498 ltu·
1227 2500 1230 2512 .

152 2543 255 2609 lentes
278 2547 505 2626 conscientium,
528 2545 760 2630 prohibentium
784 2544 905 2623 nubere,
932 2537 1084 2609 obstinere
1111 2564 1144 2606 se
1167 2565 1189 2607 u

153 2652 238 2733 tiliis,
257 2677 333 2741 quos
354 2651 441 2720 Deus
462 2655 576 2719 creavit
598 2669 616 2701 ¹¹
627 2655 669 2719 od
682 2653 913 2739 percipiendum
928 2674 997 2715 eum
1010 2650 1190 2738 gratiarnm

153 2762 438 2848 actionefideiibus‚
451 2775 481 2828 et
494 2763 605 2849 hirqui
622 2754 826 2850 cognoverunt
836 2761 1022 2840 veritatem3
1044 2759 1191 2847 quonium

154 2872 251 2934 omens
265 2881 407 2936 nectura
418 2871 480 2936 Dei
492 2872 570 2937 iona
584 2881 641 2953 est,
656 2881 686 2936 et
698 2868 780 2934 otttt
793 2867 1009 2953 objiciendum,
1025 2861 1107 2954 quod
1121 2889 1191 2931 curn

152 2981 330 3065 gratianum
359 2982 477 3046 actione
503 2976 688 3066 percipitur.
732 2978 855 3044 Sedet
881 2976 1018 3064 Spiritus
1042 2978 1192 3062 Evange'

184 3140 197 3178 ‘l
217 3137 307 3186 Melius
322 3120 439 3201 Vulgata,
462 3135 664 3199 adstipulantibus
682 3135 813 3196 cypriano,
831 3106 970 3190 Ambrosio,
986 3131 1151 3192 Hieronymo,
1169 3140 1195 3178 et

154 3218 304 3278 Augustino,
315 3228 440 3266 conuertere
454 3217 604 3280 Euangeliou
617 3216 718 3276 Christi3
734 3215 791 3264 licet
800 3215 965 3262 Tertullianus
975 3214 1030 3261 adv.
1041 3213 1195 3263 Marcionem

154 3297 197 3346 lib.
210 3300 242 3347 iv.
253 3313 307 3361 cap.
319 3311 342 3349 5.
348 3309 487 3361 pervertere,
499 3299 584 3360 legisse
594 3299 712 3345 videatur.

187 3383 197 3408 r
214 3377 300 3424 Graece
310 3387 356 3436 est,
368 3376 446 3438 dolor.
474 3378 614 3433 Sanctorum,
626 3386 655 3423 ut
665 3375 740 3423 habet
749 3373 862 3434 Vulgata.

170 3512 171 3515 Ἴ
187 3469 196 3492 ·
213 3458 243 3506 ln
255 3458 380 3506 Casinensi
396 3470 523 3520 corruptus
538 3466 574 3506 est
589 3457 631 3504 hic
647 3457 725 3514 locus,
742 3456 815 3503 habet
830 3455 908 3511 enim,
924 3455 951 3504 de
962 3453 1055 3502 Persida
1071 3453 1196 3503 venientem

156 3549 242 3598 monet3
259 3541 301 3586 sed
311 3539 452 3600 legendum,
464 3540 570 3596 Manere,
581 3537 619 3585 vel
636 3536 705 3593 mode,
720 3532 769 3583 &e
813 3535 916 3600 (Persida
931 3550 991 3585 cum
1008 3535 1098 3583 Perside
1114 3535 1156 3584 hio
1172 3545 1197 3584 et

156 3634 230 3682 supra
240 3615 354 3679 mutari.)

191 3705 199 3730 1
219 3702 249 3748 ln
264 3699 370 3761 Vulgata
384 3699 456 3758 juxta
471 3713 580 3760 graecum
596 3707 693 3746 textum
710 3706 755 3754 est,
772 3695 914 3760 loquentium,
931 3696 1066 3755 labentium,
1079 3697 1196 3759 probiben-

158 3782 223 3828 rium.
256 3783 307 3828 Aut
317 3782 389 3842 igitur
399 3780 440 3827 hic
451 3781 537 3828 eodem
553 3781 628 3827 modo
643 3780 786 3839 legendum,
802 3787 845 3824 aut
860 3778 1039 3839 corrigendum,
1052 3777 1197 3840 prolitentes.

158 3867 206 3912 Sed
216 3864 282 3912 hanc
293 3863 423 3911 lectionem
435 3865 535 3924 'antiqua
545 3865 619 3910 etium
635 3863 699 3923 apud
709 3859 891 3909 Tertullianum
907 3863 983 3908 versio
999 3861 1129 3924 improbat,
1141 3876 1199 3923 quaa

157 3945 271 4007 Vulgatae
281 3945 328 3992 hac
340 3945 366 3992 in
377 3955 442 4006 parte
452 3945 538 3992 similis
549 3954 593 3991 est.
879 3999 881 4004 ,

191 4029 203 4054 ¹¹
220 4026 250 4071 ln
268 4024 393 4072 Catinensi
411 4035 456 4082 est,
475 4023 506 4068 ad
519 4021 684 4084 perficiendum.
718 4021 764 4068 Sed
780 4021 892 4082 Vulgatae
907 4021 1037 4081 lectionem
1053 4021 1199 4069 substituere

159 4111 235 4158 setius
246 4111 328 4157 visum
340 4121 383 4157 est.
404 4110 475 4171 (Mor
486 4109 618 4170 legendum
629 4109 723 4155 videtur
734 4106 841 4168 Spiritu.)

161 4219 170 4247 ¹
185 4215 242 4265 on.
253 4217 269 4264 r.
283 4205 356 4265 s-s.
382 4212 468 4277 2Ερῑι.
481 4216 514 4264 u.
528 4225 550 4264 s.
568 4213 622 4265 eor.
633 4215 650 4262 t.
662 4224 703 4263 n.
729 4214 834 4265 tneor.
846 4215 879 4264 xi.
891 4224 931 4264 oo.
953 4216 968 4250 ⁴
981 4225 991 4263 1
1005 4215 1071 4264 nm.
1083 4213 1115 4264 tv.
1127 4222 1199 4263 r-o.
1284 4265 1287 4269 ,
