2684 4740
278 316 282 323 ’
349 301 585 375 ssotocm
608 302 693 376 PRO
710 301 930 377 omotttu.
1088 323 1154 397 ²99

166 473 408 565 Pnnrursos
442 475 511 544 oui
525 474 658 560 donato
669 475 719 550 vel
730 474 843 543 innato
854 474 999 562 requirit,
1010 475 1078 545 sine
1090 474 1155 547 du·

120 581 178 648 bio
189 596 342 651 creature
353 584 387 653 in·
398 606 437 649 eo
449 584 569 653 nullam
581 586 680 659 habet
690 586 888 673 opinionem,
896 586 1040 675 alioquin
1049 586 1156 655 ethos

10 710 12 721 ¹
118 690 615 782 adduxissetatlinquisitionem.
649 686 693 762 Et
703 695 877 784 adjungit·
901 695 957 763 Vel
966 695 1155 762 Filius-

117 803 318 870 condonatur.
361 806 405 870 Et
424 818 498 892 post
518 827 622 892 pauca
637 806 693 872 ait.
736 807 799 873 Est
813 805 1153 891 etiam—repererit.
1214 823 1217 829 ·

118 913 203 978 Haec
214 913 345 1001 quidem
361 914 443 981 inter
456 916 611 1003 principia
620 915 716 1003 primi
727 915 800 1005 libri
811 917 870 1002 accpi
885 918 982 1003 ἀρχῶν
994 915 1156 1000 disseruit,

116 1035 156 1088 ut
173 1022 357 1089 ostenderet
376 1047 448 1111 quae
467 1026 531 1090 sint
545 1025 600 1090 illa
612 1049 685 1113 quse
701 1026 914 1091 manifestem
931 1026 1154 1095 Ecclesiastico

116 1133 345 1219 praedicatione
357 1124 475 1200 tradita
489 1147 574 1216 sunt,
587 1147 707 1223 et'quae
723 1136 787 1203 sint
802 1158 874 1223 quae
890 1159 955 1201 non
970 1149 1080 1222 aperte
1093 1135 1153 1202 de·

117 1243 281 1309 finiuntur.
323 1244 376 1309 De
391 1244 508 1332 quibus
523 1245 658 1331 singulis
672 1224 849 1331 secundum
867 1264 939 1321 eam
961 1244 1150 1311 divisionem

116 1374 214 1438 quom
234 1375 333 1439 supra
350 1354 504 1433 ostendit,
520 1354 655 1441 sparsim
671 1334 816 1441 disputet
829 1355 862 1420 in
877 1354 1001 1442 reliquo
1016 1374 1151 1440 corpore

115 1461 293 1544 librorum3
315 1484 352 1528 ea
375 1464 506 1552 quidem
529 1485 602 1551 quae
626 1486 666 1529 ex
689 1464 821 1530 definito
842 1464 1006 1551 praedicari
1026 1463 1068 1528 ab
1087 1465 1151 1533 Ec:

114 1570 212 1636 clesia
232 1592 328 1657 supra
348 1572 472 1661 docuit,
495 1573 646 1639 omnibus
673 1573 823 1639 adhibitis
856 1573 1087 1660 probamentis,
1110 1593 1151 1641 ex

115 1679 286 1767 Scripturis
300 1682 417 1748 sanctis
437 1682 637 1749 manifestius
656 1697 689 1749 et
702 1683 901 1749 constantius
922 1704 1065 1748 asserens
1074 1705 1085 1762 3
1108 1682 1150 1749 de

23 1808 26 1814 ·
113 1787 164 1853 his
178 1811 253 1855 vero
267 1790 308 1856 de
322 1792 439 1879 quibus
449 1792 595 1861 ostendit
614 1815 678 1859 non
700 1792 881 1872 manifeste,
904 1813 1008 1878 neque
1029 1814 1070 1857 ex
1091 1790 1148 1857 de·

114 1900 204 1967 finito
216 1901 251 1967 in
267 1903 410 1969 Ecclesia
422 1903 603 1991 praedicari,
614 1904 819 1991 opinionibus
834 1904 951 1992 magis,
963 1918 997 1971 et
1010 1905 1060 1971 his
1076 1927 1150 1972 sen·

114 2008 204 2076 sibus
227 2011 283 2098 qui
304 2011 480 2099 disputanti
500 2013 532 2078 ei
552 2027 587 2078 et
607 2015 758 2080 tractanti
779 2015 820 2079 de
841 2014 960 2080 talibus
981 2032 1150 2083 occurrere

113 2130 298 2205 potuerunt,
312 2142 409 2208 quam
425 2118 521 2186 certis
534 2121 694 2208 aliquibus
708 2143 746 2187 ac
760 2121 900 2208 definitis
920 2123 1149 2191 assertionibus

112 2229 225 2311 utitur,
239 2230 274 2295 id
288 2245 347 2311 cst,
363 2231 537 2298 discutiens
551 2244 585 2297 et
599 2246 796 2320 pertractans
817 2232 924 2319 potius
945 2255 1041 2319 quam
1062 2231 1150 2298 affir-

98 2325 217 2402 mans.¹
260 2339 299 2402 In
324 2339 473 2404 omnibus
498 2353 606 2404 tamen
632 2341 787 2405 sermonis
816 2340 866 2406 sui
893 2339 1053 2420 meminit,
1077 2324 1151 2426 ejus

112 2470 209 2536 quem
232 2470 328 2537 supra
349 2450 508 2536 exposuit,
530 2471 605 2515 cum
627 2449 674 2516 ait
693 2450 781 2515 illam
804 2451 907 2515 solam
929 2450 1146 2537 recipiendam

32 2551 36 2558 ’
110 2571 146 2623 et
167 2558 357 2626 credendam
383 2581 453 2625 esse
478 2560 653 2641 veritatem,
682 2585 754 2648 quae
781 2562 813 2626 in
834 2560 924 2627 nullo
945 2561 1147 2648 Apostolicis

110 2682 145 2735 et
158 2671 392 2737 Ecclesiasticis
406 2671 614 2758 dogmatibus
627 2670 810 2736 adversatur
820 2697 836 2742 ε,
847 2685 885 2749 et
906 2694 971 2736 non
992 2672 1099 2738 solum
1112 2671 1147 2738 in

109 2779 161 2844 his
172 2781 262 2848 libris
276 2803 415 2868 quorum
430 2802 525 2867 supra
537 2780 673 2847 fecimus
686 2780 896 2861 mentionem,
909 2780 965 2845 sed
977 2792 1011 2845 et
1024 2780 1057 2846 in
1071 2801 1145 2846 om·

109 2891 204 2956 nibus
219 2915 290 2978 quae
306 2891 348 2956 de
367 2891 538 2977 Scripturis
557 2890 699 2978 exponit,
720 2890 781 2956 hac
800 2888 957 2957 sententia
980 2890 1029 2956 uti
1052 2889 1146 2971 solet,

109 3002 190 3067 et-in
204 3000 254 3066 his
270 3001 431 3088 praecipue
451 3003 485 3067 in
505 3002 623 3090 quibus
643 3001 751 3089 plures
773 3001 867 3067 unius
889 3001 1023 3088 capituli
1044 3000 1145 3067 inter·

108 3111 303 3197 pretationes
331 3112 481 3196 exponit3
510 3111 574 3176 hoc
600 3133 755 3191 asserens,
780 3133 815 3176 se
840 3109 970 3196 quidem
996 3131 1037 3176 ne
1065 3109 1145 3196 quid
1211 3094 1214 3099 ⁵

108 3219 199 3307 quod
211 3220 275 3285 dici
288 3221 390 3306 possit
402 3221 577 3300 omitteret,
591 3219 685 3306 plura
698 3219 745 3285 vel
761 3219 894 3298 diversa,
910 3230 1009 3304 prout
1027 3217 1144 3285 sentire

107 3329 228 3416 potuit,
243 3330 434 3417 protulisse3
457 3329 539 3394 illud
554 3341 661 3410 autem
678 3315 796 3393 debere
810 3326 923 3407 teneri,
946 3325 1035 3413 quod
1049 3326 1144 3414 Apo·

108 3439 242 3506 stolicus
262 3451 359 3528 atque
372 3439 615 3505 Ecclesiasticus
631 3437 735 3504 lector
755 3437 917 3524 probaret.
961 3437 1037 3502 Hoc
1057 3434 1145 3502 idem

107 3549 187 3616 fucit
197 3550 295 3615 etiam
310 3573 385 3615 cum
400 3549 624 3624 haereticorum
640 3546 773 3614 discutit
786 3558 908 3612 sectas:
931 3546 1048 3634 quibus
1069 3566 1143 3613 om·

107 3657 202 3724 nibus
229 3659 403 3725 confutatis
430 3671 527 3746 atque
551 3657 717 3738 convictis,
741 3678 838 3722 unam
864 3657 979 3737 solam,
1006 3676 1143 3745 eamque
1191 3648 1193 3659 '

107 3789 205 3855 quam
227 3791 325 3855 supra
346 3770 505 3856 exposuit,
520 3767 700 3835 Catholicae
718 3766 857 3833 veritatis
880 3765 1068 3852 sententiam
1091 3778 1143 3832 te·

106 3887 174 3944 net.
217 3877 272 3943 De
292 3878 408 3965 quibus
429 3878 564 3966 singulis
588 3877 726 3965 qualiter
748 3877 949 3965 responderit
973 3875 1143 3957 haereticis,

106 3995 142 4050 et
169 3985 336 4074 quomodo
361 3986 507 4052 universa
534 4006 648 4051 eorum
675 3983 831 4071 dogmata
863 3985 1042 4065 destruens,
1071 3984 1142 4071 ipso

108 4111 238 4180 semper
249 4081 474 4181 Apostolicam
488 4092 722 4164 confirmaverit
736 4091 845 4173 fidem,
865 4092 893 4157 si
912 4090 1047 4158 velimus
1068 4111 1142 4159 om·

108 4223 165 4282 nes
187 4203 360 4286 sententias
382 4202 453 4293 ejus
474 4222 686 4303 congregare,
706 4213 741 4271 et
764 4201 901 4303 longum
922 4199 999 4273 satis
1023 4209 1085 4284 est,
1107 4211 1142 4270 et
