2684 4740
147 304 212 391 με
381 304 433 371 s.
455 305 680 372 instram
702 304 937 373 Mammam

332 518 510 607 Responsio
525 520 567 584 ad
581 520 717 607 primam
733 520 996 586 criminationem.

150 645 240 732 Quod
253 668 292 709 ea
306 647 372 710 Dea
388 649 484 712 Patre
498 658 591 712 natus
604 658 649 712 est
666 647 779 728 Filius,
794 658 824 712 et
838 649 929 712 unius
943 657 988 712 est
1003 668 1076 712 cum
1091 649 1190 713 Patre

216 756 422 822 substantias:
447 757 568 823 alienus
580 781 649 822 aero
664 780 684 823 a
698 757 879 823 substantiis
893 767 1123 822 creaturarum.

232 892 281 955 Ex
296 892 402 978 primo
416 891 499 956 libro
515 891 668 979 Epistolae
682 891 724 957 ad
739 893 912 956 Romanos.
934 893 1036 973 (num.
1051 892 1100 974 5.)

190 1027 408 1093 Onrcarcas.
442 1026 1011 1116 Quaeratfartasse--progenitam
1056 1029 1112 1093 De
1126 1027 1188 1093 eis·

148 1135 223 1200 dem
245 1136 278 1201 in
303 1137 417 1225 quinto
439 1137 523 1204 libro
547 1138 588 1205 de
612 1139 788 1226 Evangelio
812 1138 988 1203 secundum
1015 1138 1185 1203 ioannem.

150 1246 584 1337 Unigenitm—-adaptione
605 1250 704 1316 attius
727 1261 784 1316 est.
829 1252 912 1316 Item
936 1252 970 1316 in
996 1250 1068 1338 ipso
1090 1250 1185 1317 libro.

150 1357 236 1422 Unus
250 1359 466 1446 crgo—-filii
480 1362 605 1426 Excelsi
619 1384 744 1428 omnes.
1075 1348 1093 1367 ⁸

190 1468 432 1533 Pnnrnrnas.
467 1469 521 1534 De
543 1469 632 1535 libris
656 1469 810 1556 Epistolae
835 1468 877 1534 ad
902 1468 1075 1545 Hebraeos,
1101 1488 1184 1554 qno·

146 1576 247 1642 modo
270 1575 400 1660 ὁμοέσιος
424 1590 474 1642 est
495 1600 570 1642 cum
595 1581 688 1644 Patre
713 1578 823 1657 Filius,
846 1577 879 1643 id
904 1591 965 1656 est,
988 1578 1085 1643 unius
1109 1598 1183 1643 cum

147 1685 241 1751 Patre
255 1687 453 1768 substantiae,
468 1688 589 1753 alienus
605 1700 712 1754 autem
730 1710 750 1752 a
763 1687 949 1753 substantiis
965 1699 1134 1753 creaturae.

190 1797 408 1863 Onrcanas.
438 1797 1008 1884 Interrogamm—praestantiar.
1052 1800 1098 1863 Et
1111 1808 1184 1886 post

147 1924 251 1991 pauca
264 1905 298 1968 in
313 1905 429 1969 eodem
444 1905 538 1971 libro.
563 1907 641 1971 Cum
655 1904 1021 1992 autem-purissimm
1053 1908 1097 1971 Et
1111 1917 1183 1994 post

91 2004 101 2025 ⁸
146 2013 321 2101 aliquanta.
346 2013 475 2100 Oportet
489 2013 727 2081 autem--vet
739 2028 846 2098 vapor.
896 2034 897 2038 ¹

191 2126 434 2190 Pinianus.
462 2127 545 2190 Satis
563 2125 743 2205 manifeste,
758 2138 794 2189 ut
812 2124 937 2211 opinor,
952 2134 987 2188 et
1005 2123 1099 2189 valde
1118 2124 1182 2190 eri·

147 2231 260 2300 denter
280 2245 444 2299 ostensum
462 2247 522 2314 est,
542 2233 630 2320 quod
646 2234 765 2300 Filium
785 2235 849 2298 Dei
866 2233 907 2298 de
928 2232 998 2320 ipsa
1017 2232 1083 2298 Dei
1107 2232 1183 2299 sub·

148 2344 264 2410 stantia
289 2357 399 2409 natum
424 2343 550 2424 dixerit,
566 2344 675 2422 idest,
691 2342 831 2427 ὁμοέσιον,
848 2341 937 2429 quod
955 2355 1014 2421 est,
1037 2340 1180 2429 ejusdem

147 2475 223 2520 cum
244 2457 336 2518 Patre
357 2455 544 2520 substantiae
556 2480 566 2533 ;
590 2467 624 2519 et
637 2476 703 2518 non
717 2474 786 2517 esse
800 2465 990 2531 creaturam,
1004 2473 1111 2538 neque
1128 2473 1182 2538 per

146 2564 366 2652 adoptionem,
382 2566 437 2630 sed
460 2580 572 2631 natura
592 2564 709 2629 Filium
729 2585 851 2643 verum,
866 2584 907 2626 ex
923 2563 994 2648 ipso
1015 2563 1108 2626 Patre
1121 2584 1180 2649 ge·

146 2687 304 2740 neratum.

188 2785 341 2870 Superest
362 2796 399 2849 ut
418 2796 451 2848 et
470 2782 620 2848 secundae
640 2780 853 2847 criminationi
873 2779 970 2847 iliatae
989 2778 1052 2845 sibi
1071 2780 1114 2846 ab
1128 2802 1180 2846 ac·

145 2893 359 2972 cusatoribus,
375 2914 434 2978 per
454 2915 514 2957 nos
533 2893 663 2979 quidem
685 2890 817 2978 prolatis
838 2889 893 2955 sed
912 2890 979 2955 suis
993 2890 1099 2955 verbis
1114 2890 1181 2978 ipse

146 3003 350 3090 respondeat,
366 3002 493 3067 duobus
507 3002 555 3066 vel
576 3003 679 3068 tribus
698 3001 891 3067 testimoniis
909 3000 1074 3083 adhibitis,
1088 3001 1180 3089 lqui·

33 3130 35 3135 ·
146 3111 207 3178 bus
229 3133 357 3199 aequum
378 3123 428 3176 est
447 3110 623 3177 secundum
644 3112 752 3202 legem
775 3124 916 3179 nostram
937 3133 1033 3178 omne
1049 3113 1179 3179 verbum

146 3233 240 3286 stare.

315 3449 491 3536 Responsio
506 3449 546 3514 ad
562 3448 733 3515 secundam
747 3448 1013 3515 criminationem.

183 3593 342 3681 Quodnam
356 3608 414 3678 per
431 3592 637 3679 prolationem
653 3603 764 3658 natam
778 3592 862 3658 dicat
877 3614 939 3658 esse
954 3591 1075 3658 Filiam
1088 3595 1150 3659 Dei

385 3701 548 3767 secundam
567 3701 725 3768 Valentini
740 3701 941 3787 impietatem.

191 3850 405 3916 Omcnnns.
440 3852 526 3936 (Lib.
540 3852 568 3915 I.
584 3852 635 3916 De
651 3851 791 3937 Princip.
805 3872 876 3941 cap.
888 3852 922 3918 ii.
937 3875 1027 3919 num.
1038 3856 1084 3938 6.)
1108 3854 1180 3942 Ego

147 3957 480 4026 arbitror-tamen.
984 3958 988 3967 ’

189 4071 428 4134 Panem—nas.
456 4072 509 4135 De
529 4068 579 4135 his
600 4070 677 4157 ipsis
698 4092 738 4136 ex
756 4082 872 4158 quarto
889 4071 974 4138 libro
988 4074 1058 4162 περὶ
1072 4077 1179 4162 ἀρχῶν.

149 4179 253 4263 (num.
268 4181 331 4261 28.)

562 4343 570 4382 ¹
586 4345 666 4398 acor.
677 4347 728 4400 xiii.
740 4359 762 4399 ι.
