2684 4740
134 313 454 386 nncnmarm
471 315 679 386 unxeris
699 292 986 384 ursrur'nrr'o'.
1025 313 1089 406 ιρι·

39 484 103 577 jus
116 488 320 569 intellectum
343 512 416 576 quae
432 479 562 576 quidem
577 508 636 553 nec
650 472 727 552 satis
739 498 788 552 est
801 470 901 553 ardua
916 469 1012 576 atque
1027 487 1089 553 dif-

46 597 162 662 fluitis:
184 598 238 664 cui
258 599 344 662 enim
359 620 425 663 non
440 594 495 664 fiat
509 598 726 677 manifestum,
743 598 841 662 solem
864 597 959 665 istum
980 598 1093 664 visibiJ

46 707 128 788 hm,
139 729 215 773 oum
231 703 273 774 ab¹
286 710 408 774 oriente
418 708 515 774 fuerit
530 719 672 788 exortus,
685 722 718 772 et
733 708 903 773 tetenderit
919 709 980 773 iter
993 708 1089 773 suum

47 817 92 885 od
107 818 320 896 occidentem,
336 838 412 882 cum
434 819 494 882 sub
515 830 632 882 terram
653 817 736 895 ierit,
754 827 788 880 et
809 817 941 880 interior
956 817 1092 909 effectus

48 924 148 992 fuerit
163 948 212 1005 ea,
228 949 302 1013 quae
319 926 405 1013 apud
422 929 556 991 Graecos
577 927 700 1013 spbaera
720 939 862 1005 vocatur,
876 925 991 1012 hqnod
1012 939 1090 991 tuno

50 1035 185 1123 objectu
199 1056 372 1122 corporum
385 1037 596 1101 obumbratus
611 1058 674 1100 non
690 1037 858 1122 appareat?
883 1036 946 1099 Sed
959 1035 1098 1100 obtecto·

52 1165 105 1225 eo,
119 1144 269 1210 obstante
288 1157 383 1208 terrae
404 1166 547 1231 corpore,
567 1124 792 1230 superducitur
813 1145 940 1222 umbra,
961 1167 1033 1232 quae
1053 1166 1093 1209 ex

52 1253 197 1318 seefficit
211 1254 369 1333 tenebras,
383 1259 553 1341 usquequo
564 1276 703 1332 rursum,
715 1253 871 1317 inferioris
887 1255 980 1357 spatii
996 1276 1094 1320 cursu

47 1373 256 1449 pernoctem
272 1376 444 1443 transacto,
460 1363 500 1428 ad
516 1363 672 1428 orientem
692 1363 841 1442 revolvat,
855 1377 952 1449 atque
967 1363 997 1427 in
1015 1363 1098 1428 loeis

53 1472 158 1538 solitis
178 1473 311 1538 obortus
311 1485 492 1573 appareat.
537 1475 596 1536 Est
615 1493 695 1558 ergo
716 1472 851 1551 umbrae,
874 1485 970 1560 atque
989 1469 1099 1537 noctis

53 1589 163 1647 eflusa
171 1582 313 1687 corporis
333 1595 425 1646 terrae
445 1573 599 1659 soliditas,
616 1578 813 1667 quodetiam
829 1595 885 1645 ¹ex
906 1582 1024 1645 suimet
1044 1581 1095 1667 ip·

20 1728 24 1732 ·
54 1684 123 1757 sius
143 1676 261 1756 umbra
280 1691 382 1757 homo
401 1691 581 1777 intelligam
600 1701 717 1776 potest.
694 1691 848 1754 tAnte
867 1691 982 1754 caelum
997 1685 1099 1769 enim,

54 1814 91 1867 ot
105 1812 235 1881 terram,
249 1814 347 1888 atque
360 1822 474 1905 omnes
489 1801 565 1865 istas
584 1802 754 1886 corporeas
772 1812 933 1863 creaturas
951 1799 1096 1864 indefici-

54 1901 114 1974 ens
127 1909 185 1975 lux
199 1895 360 1990 manebat,
375 1932 450 1974 cum
466 1909 590 2004 nullum
609 1930 726 1995 eorpus
742 1909 902 1989 existeret,
916 1904 1009 1994 quod
1021 1932 1095 1974 um·

55 2019 148 2085 brem
165 2022 216 2083 siu
205 2018 414 2106 objeetione
428 1998 609 2105 generaret,
624 2033 657 2082 et
671 2019 744 2083 ideo
760 2041 918 2106 nusquam
937 2016 1101 2098 tenebras,

55 2114 219 2215 nusquam
239 2141 369 2194 noctem
392 2129 491 2223 fuisse
508 2128 722 2221 profitendum
743 2141 802 2193 est.
848 2131 935 2194 Nam
958 2131 995 2210 si,
1011 2131 1101 2195 verbi

55 2236 176 2324 gratia,
189 2226 315 2323 placeat
335 2238 376 2316 ei,
395 2217 447 2301 eui
460 2219 612 2323 'potestas
634 2237 861 2318 estomnium,
876 2238 1005 2329 plagam
1025 2230 1103 2326 quae²

56 2346 269 2413 ad'oocasum
283 2347 344 2426 est,
360 2347 484 2412 auferre
500 2345 541 2410 de
554 2343 685 2424 medi03
709 2368 773 2409 non
789 2359 907 2432 agente
923 2347 990 2413 sole
1006 2349 1046 2412 ad
1061 2347 1103 2413 il·

56 2442 126 2522 lam
146 2441 271 2542 partem
291 2462 434 2536 sursum,
452 2477 611 2542 nusquam
635 2455 690 2519 fiet
708 2476 849 2541 vespera,
864 2469 920 2521 aut
940 2459 1079 2542 tenebrae
1089 2484 1104 2540 ;

56 2564 117 2630 sed
130 2566 192 2630 erit
211 2564 263 2630 sol
280 2587 408 2652 semper
425 2566 457 2630 in
475 2587 583 2663 eursu,
600 2584 817 2651 necunquam
832 2567 970 2648 occidet,
985 2581 1018 2633 et
1032 2591 1103 2633 me·

57 2674 154 2740 dium
167 2674 262 2741 caeti
253 2697 344 2740 axem
363 2697 445 2762 pene
467 2697 592 2760 semper
607 2674 740 2754 tenebit,
756 2696 813 2739 nec
829 2652 1001 2763 aliquando
1017 2679 1101 2743 desi·

59 2769 119 2849 teet
131 2766 295 2871 apparere,
310 2795 342 2848 et
355 2805 412 2869 per
426 2784 490 2847 hoc
503 2784 564 2848 erit
583 2783 748 2848 universus
762 2783 848 2849 orbis
863 2797 1019 2852 terrarum
1035 2779 1106 2855 cla-

59 2878 194 2960 itisimo
209 2893 332 2958 lumine
351 2872 505 2973 radiatus,
521 2915 561 2958 ex
575 2915 641 2979 quo
657 2915 715 2957 nec
730 2893 841 2958 ulla
811 2916 881 2980 eJus
896 2917 969 2982 pars
984 2898 1110 2963 obum

60 2984 223 3082 manuni,
248 3003 304 3067 sed
330 3004 472 3068 manebit
496 3002 620 3090 ubique
646 3005 741 3068 unius
767 3005 897 3071 luminis
925 3010 1103 3102 aequalitas.

64 3096 266 3215 chldenmli
292 3125 400 3177 autem
426 3107 524 3198 plaga
544 3125 664 3178 statum
688 3136 781 3177 suum
805 3128 957 3193 servante,
980 3131 1013 3182 et
1037 3119 1110 3185 sole

68 3206 196 3289 bersum
219 3227 313 3286 suum
336 3221 439 3285 tribus
461 3220 574 3285 mundi
595 3223 739 3308 partibus
757 3222 969 3305 ministrante,
983 3215 1017 3290 hi
1032 3230 1106 3328 qui·¹

70 3330 156 3412 dvm,
169 3330 228 3418 qui
249 3329 310 3394 sub
331 3329 401 3394 sole
422 3341 507 3407 sunt,
521 3330 636 3394 clarius
652 3329 798 3394 ridentur
810 3329 1017 3412 illuminari,
1008 3348 1054 3399 rta
1068 3350 1112 3408 ut

10 3451 150 3524 p'one
169 3425 314 3518 dixerim,
330 3422 565 3504 dormientibus
585 3439 729 3503 adhnc'
710 3443 758 3519 us',
774 3441 830 3527 qui
844 3462 862 3504 e
875 3432 996 3508 diversa
1010 3443 1113 3532 plaga.

78 3548 260 3626 esurierunt,
276 3547 329 3647 isti
345 3548 465 3633 priores
485 3547 549 3612 diei
569 3547 736 3613 exordium
761 3540 899 3616 sumant.
944 3553 1037 3619 Sicut
1050 3576 1108 3622 au·

22 3728 25 3733 ,
82 3665 138 3722 tem
150 3667 225 3723 ante
240 3679 309 3735 eos,
326 3657 383 3743 qui
401 3657 435 3720 in
453 3669 543 3743 parte
561 3657 726 3722 occidua
712 3670 835 3743 jacent,
845 3646 921 3724 illis
927 3661 1037 3727 lumen
1053 3676 1111 3729 exss

86 3765 182 3847 oritur,
196 3767 243 3832 ita
255 3767 396 3832 velocius
412 3768 611 3848 obscuratur,
628 3778 662 3832 et
675 3767 736 3832 soli
751 3768 909 3848 omnium,
926 3772 984 3856 qui
1003 3773 1043 3837 in
1055 3795 1109 3838 or·
1171 3748 1176 3757 ι

87 3868 308 3945 bismedi'etate
321 3875 512 3955 consistunt,
527 3876 743 3962 aequalitatern
765 3897 890 3962 semper
904 3881 1046 3944 sentiunt
1059 3868 1121 3947 lue

91 3977 135 4078 tis.
174 3983 262 4077 Cum
283 3983 369 4049 enim
391 3984 536 4049 medium
555 3985 603 4049 sol
616 3970 764 4059 tenuerit
785 3985 914 4074 caelum,
932 3966 1046 4059 nullus
1061 3983 1114 4057 est'

96 4155 98 4169 ³
109 4132 127 4175 ἦ
139 4140 166 4190 ln
176 4142 300 4196 casinensi
311 4152 356 4202 ost,
368 4143 427 4208 quod
434 4138 592 4192 nanc-obtectu.
626 4154 636 4177 ·.

118 4215 167 4272 llta
176 4225 361 4276 emendavimus
371 4226 489 4289 scripturn
500 4225 619 4286 codicem,
630 4225 672 4288 qui
684 4225 796 4291 habebat,
808 4235 872 4274 exeret
880 4223 949 4292 ipsias
960 4227 1049 4278 umbra,

776 4302 798 4343 n
