2684 4740
211 289 272 357 208
305 288 543 356 ARCHELAI
565 291 623 354 ET
644 292 851 356 MANETIS
872 293 1162 361 DISPUTATIO.

209 457 374 523 Dominus
389 473 499 524 autem
514 482 605 525 meus
619 463 726 541 Jesus,
735 461 897 551 justitiam
912 463 1026 550 Moysi
1039 462 1123 549 legis
1137 473 1251 527 custo·

209 568 311 647 diens,
341 569 526 654 indignatus
559 570 708 636 adversus
736 584 871 636 mortem
900 594 961 656 pro
990 572 1250 658 prevaricatione

210 677 326 763 ipacti,
341 692 374 740 et
390 660 590 743 totiusillius
609 679 788 759 ministerii,
810 680 956 744 advenire
975 681 1127 768 dignatus
1147 695 1198 747 est
1217 680 1250 745 in

210 783 351 849 hominis
367 808 513 871 corpore,
528 787 744 852 vindicaturus
759 810 823 851 non
839 788 1059 874 semetipsum,
1075 788 1133 854 sed
1146 791 1250 877 Moy-

211 913 279 972 sen,
301 907 334 958 et
356 916 425 973 eos,
448 897 565 982 quiex
587 899 698 962 ordine
719 909 794 984 post
818 899 925 984 ipsum
951 899 1078 962 fuerant
1100 897 1251 962 violentia

212 1003 324 1068 mortis
350 1007 505 1090 oppressi.
549 1007 718 1093 Malignus
746 1028 819 1071 vero
844 1007 996 1091 ignorans
1024 1005 1252 1092 hujuscemodi

211 1111 495 1199 dispensationem,
506 1114 669 1200 ingressus
679 1117 755 1180 estJ
759 1115 867 1194 udam,
882 1128 919 1178 ut
932 1136 989 1200 per
1002 1115 1110 1201 ipsum
1125 1115 1250 1179 interfi-

211 1232 297 1286 ceret
322 1243 408 1302 eum,
434 1224 517 1286 sicut
547 1235 641 1287 antea
666 1223 752 1289 Abel
777 1223 980 1288 interfecerat
999 1223 1141 1312 justum.
1185 1224 1252 1290 Sed

212 1353 288 1397 cum
310 1330 459 1396 intrasset
480 1333 513 1396 in
535 1333 666 1410 Judam,
689 1332 878 1418 poenitentia
899 1333 1028 1412 ductus,
1050 1355 1085 1399 se
1105 1334 1176 1420 ipse
1198 1356 1253 1399 su·

210 1443 358 1531 apendit:
381 1455 512 1529 propter
537 1443 626 1529 quod
652 1443 697 1506 ait
723 1464 827 1506 sermo
852 1441 988 1523 divinus,
1014 1441 1074 1506 Ubi
1101 1453 1150 1506 est
1171 1465 1254 1508 mors

211 1549 342 1616 victoria
358 1562 424 1630 tna,
439 1551 492 1616 udi
512 1563 558 1616 est
578 1573 660 1615 mors
679 1549 801 1615 amiens
822 1553 912 1615 tuus?
935 1554 980 1617 Et
1000 1551 1184 1636 6Αῠεοηπα
1207 1564 1253 1616 est

212 1680 294 1722 mors
317 1657 349 1721 in
371 1658 531 1724 victoria·
556 1658 629 1724 Hac
644 1679 727 1744 ergo
738 1680 779 1723 ex
792 1680 889 1724 causa
903 1658 1122 1723 Ministerium
1142 1658 1254 1724 nrortis

211 1767 370 1853 appellata
384 1780 434 1831 est
448 1767 509 1845 lex,
526 1767 601 1853 quia
615 1781 784 1852 peccantes
803 1766 1045 1852 praevaricantes
1063 1767 1166 1833 morti
1187 1780 1253 1834 tra·

211 1873 321 1952 debat,
344 1887 502 1939 servantes
522 1886 632 1940 autem
652 1897 697 1954 se,
712 1874 902 1940 defendebat
916 1896 936 1939 a
950 1889 1065 1957 morte,
1080 1889 1114 1942 et
1129 1878 1253 1944 consti·

212 1983 327 2049 tuebat
347 1984 379 2047 in
401 1983 517 2070 gloria,
538 2006 599 2071 ope
621 1997 718 2071 atque
744 1984 862 2050 auxilio
884 1984 1020 2049 Domini
1045 1987 1149 2053 nostri
1171 1989 1252 2055 Jesu

209 2089 348 2156 Christi.
981 2108 986 2111 ’

255 2203 385 2267 XXXI.
408 2204 497 2268 Audi
513 2204 609 2269 etiam
626 2218 660 2269 et
673 2204 713 2268 de
728 2226 779 2281 eo,
794 2203 883 2290 quod
893 2204 1017 2270 dictum
1027 2215 1089 2287 est,
1104 2206 1192 2292 ’Qui
1202 2229 1251 2270 re·

213 2309 309 2378 demit
323 2334 376 2376 nos
387 2311 425 2376 de
438 2313 600 2378 maledicto
613 2314 692 2401 legis
703 2313 855 2378 Christus.
877 2316 954 2379 Hoc
965 2314 999 2379 in
1009 2316 1083 2380 loco
1090 2315 1253 2402 pervideo,

213 2422 420 2508 magnificum
443 2424 507 2489 Dei
528 2424 685 2489 famulum
707 2424 849 2510 Moysen
873 2421 1124 2509 kimaginariam
1145 2425 1251 2509 legem

211 2531 274 2612 hie,
295 2531 351 2619 qui
370 2547 455 2598 recte
477 2532 592 2599 lvelint
613 2533 728 2613 videre,
750 2531 928 2611 tradidisse,
950 2544 983 2595 et
1003 2531 1113 2618 legem
1135 2553 1252 2597 veram.

212 2639 305 2706 Sicut
319 2641 403 2705 enim
418 2644 511 2706 Deus
526 2664 601 2708 cum
619 2640 745 2705 fecisset
760 2640 930 2718 mundum,
947 2652 980 2711 et
995 2639 1115 2719 omnia,
1130 2663 1205 2727 quae
1220 2641 1252 2704 in

212 2770 253 2815 eo
265 2763 350 2829 sunt,
364 2750 398 2814 in
412 2773 467 2815 sex
482 2751 606 2830 diebus,
620 2749 774 2836 requievit
785 2749 818 2812 in
830 2749 881 2812 die
894 2749 1032 2834 septima
1046 2751 1087 2813 ab
1103 2750 1256 2814 omnibus

246 2986 293 3033 ¹ln
308 2988 390 3035 codice
401 2986 527 3036 Casinensi
542 2995 588 3044 est,
604 2985 660 3045 acri,
677 2989 742 3048 quod
758 2988 832 3034 etiam
848 2987 977 3034 manifesta
992 2997 1029 3034 est
1044 2987 1134 3035 librarii
1150 2987 1256 3035 halluci-

215 3067 290 3117 tutio.

244 3145 258 3183 k
278 3145 439 3208 Imaginariam
461 3148 595 3196 Archelaus
614 3158 685 3197 vocat
703 3149 784 3210 legem
801 3157 871 3196 vetus
890 3157 1074 3207 testamentum,
1095 3150 1163 3210 quod
1184 3159 1257 3210 typus

211 3237 274 3277 erret
284 3237 308 3276 et
318 3229 400 3290 imago
408 3229 496 3275 luturae
507 3244 576 3278 novae
586 3229 653 3292 legis.
678 3229 718 3276 Sic
728 3239 752 3275 et
758 3229 855 3275 Petrum
864 3229 893 3275 de
904 3229 984 3276 Vineis
993 3231 1019 3276 in
1028 3229 1135 3290 epistolis
1145 3231 1198 3278 suis
1206 3245 1257 3277 non

212 3307 299 3367 semel,
311 3308 468 3370 imaginarium
480 3310 609 3358 hominem
625 3324 723 3358 vocasse
739 3309 866 3365 nuntium,
882 3321 925 3355 seu
943 3308 1053 3370 legatum
1069 3310 1182 3359 observat
1193 3311 1256 3357 (ἓω-

213 3391 267 3452 gius
279 3390 304 3437 in
317 3389 449 3447 Glossario,
460 3392 526 3452 quod
537 3390 620 3448 illurn,
632 3405 706 3451 aquo
718 3391 806 3437 missus
815 3390 901 3447 luerat,
914 3399 1068 3450 representet,
1085 3400 1110 3438 et
1123 3391 1180 3450 ejus
1191 3389 1258 3438 velut

212 3469 346 3533 imaginem
358 3471 450 3518 referat.
484 3472 567 3520 Utitur
587 3481 611 3520 et
629 3473 676 3518 hac
696 3484 756 3520 voce
776 3469 870 3531 Evagrii
886 3472 1006 3519 Monachi
1021 3480 1091 3525 vetus
1102 3472 1221 3534 interpres
1232 3471 1258 3518 in

214 3553 376 3613 disputatione
391 3551 523 3612 Theophili
539 3553 651 3613 Episcopi
667 3550 826 3598 Alexandrini
846 3565 906 3598 cum
922 3552 1023 3599 Simone
1039 3551 1126 3605 Judao
1143 3565 1198 3613 cap.
1223 3561 1259 3600 to.

214 3634 257 3682 ubi
274 3633 374 3682 sabbata
389 3632 547 3693 imaginariam
563 3634 673 3694 requiem
689 3640 760 3679 vocat
775 3631 885 3692 septimae
902 3632 968 3680 illius
984 3632 1042 3688 diei,
1058 3631 1150 3694 inqua
1161 3633 1257 3689 Deum,

214 3716 302 3764 mundi
313 3715 433 3761 creatione
444 3713 564 3772 absoluta,
584 3713 727 3775 requievisse
743 3712 831 3773 pagina
845 3726 911 3759 sacra
928 3721 1035 3762 testatur.
1070 3712 1154 3760 Quare
1165 3713 1260 3761 Arche·

213 3795 267 3844 laus
283 3797 309 3843 iu
321 3795 474 3856 responsione
485 3795 516 3842 ad
526 3795 662 3842 Diodorum
673 3792 838 3854 presbyterum
850 3792 912 3840 infra
922 3807 975 3854 cap.
987 3803 1028 3840 41.
1039 3801 1104 3840 totus
1119 3803 1156 3840 est
1175 3791 1202 3840 in
1217 3794 1260 3841 de-

215 3876 381 3932 monstrando,
399 3890 449 3922 non
465 3889 516 3922 esse
532 3876 693 3934 rejiciendum
708 3882 777 3920 vetus
794 3881 977 3943 testamentum,
994 3873 1052 3933 quia
1069 3882 1190 3936 tanquam
1206 3886 1261 3936 spe·

213 3958 302 4011 culum
312 3970 395 4005 veram
405 3954 475 4003 nubis
485 3955 599 4015 exprimit
609 3969 680 4003 novae
691 3952 750 4021 legis
761 3953 904 4013 imaginem.

248 4034 256 4076 i
267 4039 347 4096 Forte,
359 4033 435 4083 velint
445 4033 536 4082 vivere.
692 4030 698 4038 ⁸

440 4166 454 4202 ⁶
470 4181 480 4220 1
494 4169 549 4218 Cor.
562 4185 602 4218 xv.
615 4181 656 4220 st.
849 4171 860 4208 ⁷
873 4166 928 4215 Gal.
941 4167 974 4216 iii.
989 4177 1027 4219 ιο.
