2684 4740
262 329 322 412 198
359 323 597 391 ARCHELAI
617 328 675 392 ET
694 328 900 394 MANETIS
922 325 1212 394 DISPUTATIO.

262 507 323 574 rat,
338 497 458 576 manui,
475 520 512 561 ac
534 498 651 562 viribus
673 498 752 562 nihil
774 498 896 576 fidens3
919 501 945 561 si
968 520 1041 561 vero
1062 498 1109 562 vir
1130 496 1224 560 fortis
1245 495 1299 572 sit,

263 605 360 669 etiarn
377 628 473 691 porro
495 630 513 670 a
533 608 597 669 suis
620 608 735 671 finibus
758 609 791 670 iu
811 631 982 672 occursum
998 606 1083 671 hosti
1098 603 1256 691 procedit,
1269 614 1302 668 et

263 713 332 798 agit
346 715 464 793 omnia,
487 737 653 800 usquequo
669 715 772 779 vincat
787 730 819 778 et
835 716 978 779 obtineat
995 715 1218 779 adversarium.

307 825 433 888 XXVI.
469 827 633 889 Juorcss
664 847 881 903 nrxnnunr,
907 827 941 888 Si
970 826 1015 888 ais
1044 839 1207 910 pastorem
1234 823 1302 886 hae·

263 933 354 1012 dum,
371 933 434 997 sive
450 958 569 1020 agnum
586 934 669 998 leoni
684 936 866 1021 projecisse,
883 957 960 998 cum
973 935 1027 997 ille
1041 934 1176 996 irruerat
1190 931 1302 995 adver·

264 1064 335 1106 sum
352 1043 543 1127 ingenitum,
559 1056 666 1106 actum
688 1056 747 1107 est.
792 1046 897 1130 Quem
922 1044 1007 1105 enirn
1029 1055 1137 1127 potest
1154 1039 1303 1127 judicare

263 1164 372 1236 pastor
388 1152 566 1231 haedorum,
583 1168 679 1238 atque
693 1174 863 1238 agnorum,
878 1175 953 1216 cum
976 1153 1044 1237 ipse
1062 1150 1240 1214 inveniatur
1257 1148 1303 1212 eis

263 1260 297 1322 in
316 1260 446 1337 delict0,
459 1261 511 1323 ysi
522 1283 619 1324 causa
630 1262 766 1325 traditus
781 1262 877 1325 etiam
894 1283 996 1345 agnus
1011 1281 1068 1344 per
1082 1257 1302 1322 infirmitatem

262 1368 399 1453 pastoris
422 1369 568 1433 resistere
591 1393 655 1432 non
678 1371 776 1434 valuit
796 1370 892 1448 leoni,
909 1382 942 1433 et
962 1388 1161 1452 consequens
1181 1378 1247 1444 est,
1265 1380 1304 1430 ut

263 1478 479 1564 quodcunque
498 1479 594 1543 fuerit
614 1480 699 1542 leoni
718 1479 859 1558 libitum,
874 1491 967 1563 gerat
977 1501 988 1556 3
1011 1491 1165 1561 tanquam
1184 1475 1215 1538 si
1231 1475 1303 1538 Do·

263 1587 371 1652 minus
384 1611 484 1652 unum
501 1611 519 1652 e
534 1591 627 1653 servis
648 1591 713 1653 suis
733 1589 884 1676 ejectum,
901 1589 948 1652 vel
971 1610 1027 1673 per
1047 1598 1171 1650 metum
1195 1583 1304 1648 tradat

263 1695 442 1760 adversario
458 1718 528 1775 suc,
544 1720 640 1783 quem
661 1720 770 1762 rursus
789 1698 929 1783 recipere
947 1696 1012 1760 suis
1030 1696 1148 1759 viribus
1166 1715 1236 1757 nou
1248 1713 1303 1756 ra-

263 1805 351 1869 leat?
387 1807 421 1868 Si
436 1829 508 1870 vero
524 1828 602 1870 casu
615 1807 724 1892 aliquo
739 1806 918 1892 provenerit
937 1827 1011 1868 eum
1026 1801 1137 1888 recipi,
1152 1824 1219 1888 qua
1229 1814 1302 1866 tan·

263 1912 338 1978 dem
365 1915 487 1978 ratione
513 1928 671 1979 tormenta
695 1915 725 1977 ei
751 1915 868 2001 poterit
893 1915 1046 1998 irrogare,
1069 1913 1097 1975 si
1117 1910 1159 1973 ad
1180 1910 1303 1989 omnis,

263 2045 335 2108 quae
352 2025 381 2086 ei
397 2025 574 2108 imperabat
586 2024 747 2102 inimicus,
760 1994 900 2108 pssbat,
914 2045 989 2087 cum
1005 2035 1101 2084 zeum
1116 2020 1224 2104 ipsum
1237 2030 1303 2082 tra·

262 2131 381 2194 diderit
399 2133 540 2210 inimico,
556 2134 639 2197 sicut
661 2133 746 2196 leoni
769 2133 924 2196 haedum?
947 2143 1201 2216 praenoscentem
1217 2129 1303 2193 enim

263 2240 373 2304 asseris
397 2263 465 2304 csse
486 2256 658 2325 pastorem.
703 2242 896 2305 Verberatus
916 2241 1002 2304 enim
1024 2261 1138 2324 agnus,
1152 2253 1187 2302 et
1203 2238 1304 2301 inter·

260 2349 389 2434 roganti
404 2372 438 2412 se
453 2350 584 2434 pastori,
600 2372 656 2414 cur
670 2351 704 2413 in
718 2350 767 2413 his
781 2351 865 2414 leoni
880 2351 1032 2435 paruerit,
1047 2347 1242 2434 responden
1265 2359 1304 2418 tu

261 2479 314 2521 rne
335 2457 419 2522 leoni
442 2459 612 2536 tradidisti,
630 2481 687 2522 nec
709 2459 852 2523 restitisti
869 2460 1017 2524 adversus
1036 2481 1124 2534 eum,
1139 2457 1254 2534 sciens,
1269 2468 1304 2519 et

261 2568 437 2654 praevidens
453 2593 525 2654 quae
541 2569 620 2632 mihi
639 2567 779 2654 gerenda
796 2569 913 2647 forent,
928 2591 1002 2632 cum
1018 2566 1087 2652 ejus
1103 2588 1156 2629 me
1171 2585 1304 2629 trecense

262 2691 347 2741 esset
362 2679 584 2763 obtemperare
600 2677 779 2762 praeceptis.
822 2668 865 2740 Et
886 2699 926 2739 ne
948 2675 1051 2739 multa
1071 2675 1229 2750 dicamus,
1243 2693 1304 2736 ne-

262 2809 326 2872 que
347 2788 439 2850 Deus
459 2789 619 2871 perkctus
639 2800 748 2870 pastor
769 2785 959 2862 ostenditur,
982 2806 1085 2869 neque
1106 2784 1157 2846 leo
1178 2782 1305 2847 alienos

261 2894 352 2958 cibos
372 2895 551 2978 percepisse
570 2894 817 2970 demonstratur,
832 2909 865 2958 et
885 2895 960 2958 ideo
981 2895 1054 2978 ipsa
1069 2893 1204 2956 veritate
1223 2891 1306 2956 edo-

261 3019 356 3070 cente
378 3005 504 3081 claruit,
528 3005 577 3068 his
599 3027 671 3090 quae
693 3006 734 3068 ab
757 3005 919 3068 Archelao
942 3004 1135 3080 dictasunt,
1158 3000 1304 3086 palmam

265 3135 324 3178 nos
341 3113 456 3177 debere
471 3114 626 3176 conferre.
647 3116 885 3178 Ancusuans
904 3134 1032 3191 nrxr‘r,
1046 3111 1212 3198 Quoniam
1227 3110 1303 3196 qui·

263 3223 337 3288 dem
357 3223 398 3286 de
421 3223 583 3299 omnibus,
598 3222 636 3285 de
652 3223 767 3307 quibus
783 3222 1039 3307 disceptavimus,
1055 3219 1227 3305 prudentis
1240 3216 1302 3282 Ju-

262 3332 372 3397 dicum
389 3332 606 3417 plenissimum
623 3332 791 3394 terminum
808 3331 926 3416 posuit,
941 3329 1114 3394 tacendum
1129 3319 1180 3391 est
1194 3328 1237 3399 do
1248 3348 1300 3392 re-

260 3443 369 3528 liquis,
386 3454 418 3504 et
440 3441 471 3503 in
492 3454 618 3524 tempus
637 3439 724 3501 aliud
745 3439 977 3503 reservandum.
1023 3437 1114 3500 Sicut
1134 3437 1236 3515 enirn,
1251 3435 1300 3499 ”si

262 3551 334 3637 quis
349 3550 502 3634 serpentis
516 3562 660 3612 conterat
676 3561 783 3633 caput,
798 3549 830 3612 in
845 3548 968 3613 nullum
988 3548 1058 3633 jam
1080 3544 1205 3632 reliqua
1224 3564 1297 3610 cor·

262 3658 348 3746 poris
371 3659 441 3743 ejus
463 3658 607 3721 membra
629 3657 812 3742 deputanda
835 3670 910 3721 sunt
921 3681 931 3735 3
958 3657 1003 3720 ita
1024 3656 1190 3722 dualitatis
1210 3674 1298 3742 qute-

263 3767 367 3832 stione
386 3767 514 3852 rejecta,
531 3766 615 3829 sicut
635 3788 694 3851 pro
718 3765 838 3831 viribus*
853 3765 1062 3846 ostendimus,
1083 3765 1208 3853 reliquo
1226 3780 1296 3853 que

209 3966 213 3977 s
293 3979 308 4018 Υ
327 3976 383 4038 (For
393 3974 486 4035 legend.
499 3975 547 4019 sive
558 3972 642 4034 causa.)

292 4062 306 4088 ²
323 4058 392 4106 Forte
403 4054 544 4115 legendum,
555 4072 602 4100 eum
613 4055 665 4115 ipse.

292 4150 303 4173 ⁸
320 4139 349 4185 In
361 4137 443 4186 codice
454 4135 579 4182 Casinensi
590 4136 680 4192 deficit,
689 4135 717 4194 si,
730 4147 753 4182 et
762 4137 836 4198 paulo
846 4149 908 4200 post,
919 4138 1038 4205 quastione
1049 4137 1140 4198 relecta,
1151 4137 1235 4187 habet.
1252 4133 1294 4184 Sed

260 4219 391 4272 necessaris
401 4219 451 4265 visa
462 4227 497 4265 est
508 4216 637 4278 utrobique
646 4219 760 4265 correctio
770 4228 857 4266 nostra.
