2684 4740
175 286 238 351 144
273 266 512 336 ARCHELAI
531 270 589 338 ET
606 268 814 337 MANETIS
834 268 1126 339 DISPUTATIO.

170 438 414 518 reformabat,
441 452 474 501 et
504 439 633 503 tandem
661 439 704 504 ad
731 440 928 505 Marcellum
952 460 1143 527 properans,
1165 439 1206 504 rei

169 558 272 630 gestae
293 548 460 632 negotium
481 549 623 633 exponit.
666 550 803 630 Verum,
818 565 856 616 ut
870 550 941 615 baec
956 548 1080 615 audivit
1098 548 1145 613 vir
1161 549 1207 635 pi·

171 650 298 717 issimus
320 655 509 736 Marcellus,
525 657 605 721 nihil
625 658 758 722 omnino
778 670 934 739 moratus,
952 657 1136 745 ingreditur
1148 658 1208 737 ,do-

169 782 274 840 mum,
302 783 484 848 praeparans
509 765 612 849 pretia
636 767 846 852 captivorum,
872 780 1122 854 quantacunque
1150 787 1208 853 po·

171 869 348 954 poscissent
369 872 427 957 qui
449 871 646 938 deduxerant
667 874 802 955 vinctos,
824 888 858 941 et
878 876 1047 958 continuo,
1066 875 1210 941 reseratis

170 976 331 1043 bonorum
353 1002 487 1044 suorum
507 980 676 1064 thesauris,
695 984 824 1069 pietatis
844 984 947 1070 pretia
965 983 1139 1063 militibus,
1154 1005 1210 1047 nec

171 1109 305 1152 numero
325 1089 447 1175 aliquo,
463 1110 522 1153 neo
544 1089 734 1156 discretione
750 1093 816 1157 ulla
830 1092 1034 1179 ‘distinguit
1048 1103 1088 1157 ut
1107 1092 1211 1181 magis

170 1193 268 1275 dona,
292 1219 390 1282 quarn
411 1198 515 1284 pretia
536 1198 728 1265 viderentur.
771 1202 819 1265 At
840 1200 889 1266 illi
913 1199 1064 1265 admirati
1086 1213 1120 1265 et
1140 1224 1235 1267 amr

170 1306 256 1393 plexi
275 1321 343 1373 tam
364 1310 554 1375 immensam
575 1312 632 1378 viri
653 1314 818 1398 pietatem,
833 1311 1165 1398 munificentiamque,
1179 1324 1212 1379 et

170 1417 248 1482 facti
274 1432 406 1506 stupore
429 1420 581 1506 permoti,
607 1421 757 1507 exemplo
782 1421 1010 1487 misericordia
1037 1404 1212 1489 ‘immmo-

170 1542 296 1609 nentur,
317 1542 355 1593 ut
376 1528 506 1616 plurimi
527 1550 567 1593 ex
589 1530 665 1616 ipsis
684 1531 875 1597 adderentur
895 1531 937 1597 ad
957 1530 1054 1595 fidem
1076 1528 1212 1595 Domini

173 1638 275 1711 nostri
288 1640 368 1704 Jesu
385 1637 518 1718 Christi,
536 1639 713 1705 ederelicto
731 1640 857 1707 militiae
878 1639 1031 1727 cingulo;
1053 1638 1110 1705 alii
1128 1660 1212 1723 vero,

172 1748 223 1811 vix
236 1759 349 1835 quarta
363 1749 539 1836 pretiorum
555 1750 702 1836 portione
725 1763 884 1838 suscepta,
900 1749 942 1814 ad
961 1747 1093 1835 propria
1110 1760 1213 1815 casua

171 1855 383 1939 discederent,
404 1859 512 1922 caeteri
532 1869 641 1924 autem
660 1879 775 1944 parum
799 1859 931 1924 omnino
953 1856 1090 1943 aliquid,
1110 1878 1211 1945 quau·

171 1975 241 2029 tum
256 1966 371 2031 viatico
387 1967 556 2048 sufficeret,
570 1967 763 2054 accipientes
777 1968 913 2033 abirent.

216 2075 262 2138 ΙΙ.
290 2076 352 2141 His
367 2076 475 2163 itaque
488 2076 590 2162 gestis
604 2075 700 2142 laetus
715 2075 892 2141 Marcellus
905 2085 975 2139 erat
988 2072 1094 2153 valde,
1108 2084 1144 2139 et
1157 2094 1210 2141 ac·

170 2182 236 2249 cito
254 2206 320 2249 uno
341 2207 381 2249 ex
401 2185 545 2272 captivis,
559 2184 719 2272 Cortynia
739 2185 880 2262 nornine,
893 2182 1102 2270 perquirebat
1114 2183 1158 2248 ab
1172 2203 1211 2249 eo

171 2314 302 2383 causam
317 2293 405 2374 belli,
418 2293 468 2358 vel
483 2317 548 2380 quo
562 2315 640 2359 casu
651 2294 712 2380 ipsi
726 2293 891 2358 inferiores
905 2291 1082 2372 extiterint,
1095 2312 1135 2356 ac
1145 2292 1211 2358 vin·¹

171 2394 252 2468 culis
267 2403 458 2490 captivitatis
472 2402 580 2468 innexi
593 2403 667 2466 sint.
711 2403 759 2468 At
777 2402 845 2483 ille,
860 2399 1013 2489 loquendi
1028 2401 1091 2465 sibi
1103 2416 1211 2488 potes·

170 2526 236 2580 tate
261 2515 428 2601 permissa,
452 2513 498 2580 ita
521 2534 653 2577 exorsus
678 2524 738 2577 est.
781 2515 866 2593 Nos,
887 2511 1031 2577 Domine
1051 2512 1100 2576 mi
1120 2513 1210 2577 Mar·

170 2623 262 2703 celle,
276 2623 391 2689 viventi
412 2623 488 2687 Deo
509 2622 671 2687 credimus
693 2621 765 2686 soli.
809 2624 870 2686 Est
890 2631 1002 2686 autem
1024 2620 1120 2687 nobis
1141 2643 1210 2687 mos

171 2732 358 2821 hujusmodi
382 2735 513 2799 Petrum
535 2743 718 2799 nostrorum
740 2732 774 2796 in
797 2755 856 2797 nos
880 2732 1052 2799 traditione
1075 2732 1209 2800 descen·

202 2896 214 2924 ⁶
231 2893 310 2950 Forte,
323 2891 445 2939 distribute.

204 2972 215 3003 ⁶
236 2975 315 3030 Forte,
327 2981 497 3019 commorentur.

203 3053 392 3101 eAbhonuisse
413 3066 428 3099 a
449 3051 537 3099 militia
554 3052 703 3101 Christianos
722 3054 850 3116 primitivae
870 3055 986 3113 ecclesiae,
1006 3069 1038 3102 ne
1058 3054 1211 3116 ragnomm

171 3130 329 3189 commercio,
341 3140 414 3192 atque
431 3130 640 3192 superstitionibus
657 3131 848 3191 macularentur,
864 3133 944 3180 notius
962 3141 1045 3179 estex
1060 3129 1211 3178 Tertulliano

170 3215 201 3262 de
213 3213 308 3262 Corona
320 3212 405 3260 Militis
417 3225 469 3272 cap.
483 3221 522 3259 11.
539 3225 613 3273 quam
631 3220 660 3258 ut
675 3211 786 3274 pluribus
802 3213 960 3262 demonstrari
976 3225 1038 3274 opus
1052 3211 1093 3272 sit.
1125 3209 1212 3259 Sedad

171 3295 344 3346 illustrandum
354 3299 424 3344 hunc
435 3295 603 3357 disputationis
615 3295 728 3343 Archelai
739 3310 799 3344 cum
810 3296 910 3344 Manere
922 3294 1016 3351 locum,
1026 3292 1168 3354 plurimum
1178 3290 1212 3337 ia·

172 3377 214 3436 cit,
225 3380 292 3439 quod
304 3378 394 3426 ibidem
406 3379 440 3425 ait
449 3375 623 3424 Tertullianus.
641 3374 711 3422 Plane
722 3375 741 3421 si
752 3392 804 3441 quos
815 3375 899 3422 militia
906 3370 1099 3437 praeoentosfidee
1104 3369 1213 3433 posterior

172 3458 269 3516 inuenit,
282 3458 330 3504 alia
341 3458 433 3505 conditio
446 3467 486 3514 est,
495 3466 520 3503 ut
531 3455 620 3503 illorum
630 3472 681 3520 quos
691 3456 788 3503 ‚Ioannes
797 3455 930 3502 admittebat
939 3453 971 3500 ad
978 3453 1114 3511 lavacrum
1127 3459 1155 3497 eet
1165 3464 1213 3498 oea·

173 3539 281 3586 turionum
288 3538 480 3601 fidelissimorum,
492 3553 555 3602 quem
570 3536 671 3584 Christus
682 3537 772 3598 probat,
787 3546 808 3582 et
826 3553 889 3601 quem
905 3537 986 3583 Petrus
1001 3530 1144 3591 catechizat3
1162 3531 1213 3579 den

173 3631 245 3668 tamen
256 3621 417 3682 susceptafide,
429 3630 496 3684 atque
506 3618 605 3679 signata,
615 3626 656 3663 aut
666 3617 804 3664 deserendum
815 3618 892 3664 statim
902 3616 942 3676 eit,
954 3626 980 3663 eet
990 3614 1066 3662 multis
1077 3624 1164 3673 actm,
1173 3621 1214 3659 eet

172 3701 269 3748 omnibus
280 3701 347 3747 modis
358 3699 520 3757 cavillandum,
532 3716 557 3744 ne
568 3697 625 3763 quid
633 3697 740 3745 adversus
750 3699 823 3745 Deum
834 3697 993 3753 committatur,
1003 3711 1054 3762 qua
1063 3711 1103 3742 nec
1113 3711 1143 3740 eee
1153 3686 1222 3740 niet--

172 3782 206 3827 tie
218 3783 394 3844 permittuntur3
412 3791 452 3829 aut
468 3779 585 3828 nouissime
598 3779 763 3841 perpetiendum
776 3790 818 3842 pro
834 3781 891 3837 Deo,
904 3776 962 3843 quod
975 3793 1038 3842 aeque
1045 3775 1109 3838 fides
1120 3784 1225 3837 pagane.

172 3863 279 3913 condixit.
306 3863 447 3912 Concilium
456 3863 591 3910 Nioaenum
601 3874 657 3909 mn·
667 3872 706 3910 12.
718 3859 849 3926 Quicunque
857 3859 934 3906 vocati
945 3866 988 3920 per
996 3854 1216 3919 gretiampre'ne·

171 3944 260 4010 quidem
275 3945 379 4008 impetum
396 3952 583 4000 monstraverunt,
594 3942 720 4004 deponentes
730 3941 821 3988 militiae
829 3939 950 4003 cingulum,
965 3936 1100 3999 postmodum
1115 3952 1174 3984 vere
1187 3938 1220 3987 d

167 4025 284 4088 proprium
300 4025 409 4077 uomitum
421 4022 573 4084 metalepsi,
585 4022 619 4068 ita
629 4032 656 4068 ut
666 4021 757 4088 quidam
772 4032 794 4069 et
805 4020 912 4084 pecuniae
929 4019 1057 4077 tribuerent,
1069 4027 1093 4065 et
1105 4017 1218 4081 benefieiis

171 4106 277 4154 militiano
288 4115 417 4168 repeterent,
428 4104 452 4150 hi
460 4103 532 4150 decem
543 4101 608 4149 annis
620 4110 669 4164 poet
685 4100 776 4148 triennii
788 4109 881 4162 tempus,
892 4098 1003 4165 quainter
1016 4096 1128 4164 audientes
1139 4105 1219 4156 erent,

171 4187 195 4235 ie
204 4187 323 4252 afflictione
328 4194 483 4249 permaneam.
509 4183 572 4233 Vide
582 4185 681 4246 Lupum
692 4193 717 4230 et
727 4183 885 4243 &ungium
896 4181 922 4229 in
933 4179 1041 4257 eundem
1049 4191 1186 4235 monem.
