2684 4740
313 327 584 395 concrnruru
606 327 904 395 aasumensi:
930 330 957 392 1.
1112 347 1154 413 99

332 500 413 559 Idem
427 504 456 558 in
470 502 515 558 lib.
529 509 592 576 post
606 502 784 558 Collatioaem
798 521 860 578 cap.
872 503 922 559 33.

147 595 356 653 Constantinus
372 597 408 653 ad
423 596 589 653 Eumalium
602 597 749 654 Vicarium
764 597 798 652 de
812 598 983 674 purgatione
998 595 1146 653 Caeciliani

90 675 221 753 scripsit
234 676 343 735 Sabino
357 686 388 735 et
400 673 519 735 Rufino
532 677 616 737 Cosa.
630 695 673 736 ιν.
696 677 762 733 ldus
776 677 967 744 Novembres,
979 677 1009 733 id
1023 687 1067 733 est
1080 685 1147 754 post

90 750 255 813 biennium
274 766 304 813 et
321 776 432 815 meuses
451 757 511 815 fere
528 766 607 814 octo.
627 758 656 816 h.
672 767 724 825 est,
741 778 758 814 a
776 760 947 834 purgatione
967 756 1070 814 Felicis
1092 755 1145 813 sub

91 833 227 903 AEliano
240 837 424 915 proconsule,
440 847 472 894 ut
486 839 527 895 ait
540 837 647 896 ibidem
661 839 850 914 Augustinus.

220 940 258 998 In
273 944 366 1000 Iudice
381 942 541 999 Collationis
556 943 687 1019 Carthag.
702 943 742 1000 iii.
757 963 818 1020 cap.
830 943 900 1000 516.
913 941 1029 1018 legitur,

138 1035 292 1095 Recitatio
312 1038 421 1096 Judicii
441 1039 637 1104 Constantini,
654 1058 712 1114 quo
733 1039 809 1115 apud
830 1058 860 1095 se
879 1057 992 1114 quoque
1011 1037 1142 1095 Caecilia·

90 1117 281 1283 3235?oe
299 1128 451 1197 purgatum
467 1128 535 1199 post
552 1119 721 1221 Arelatepse
742 1119 905 1176 Concilium
924 1118 1067 1195 significat
1085 1118 1145 1176 lm·

140 1278 246 1336 Posito
258 1281 338 1337 istaec
351 1281 383 1336 in
398 1282 495 1357 Optoti
505 1283 664 1357 Appendice
677 1281 714 1336 ad
727 1299 792 1358 pag.
807 1279 874 1341 187.
888 1281 933 1339 ed.
946 1280 1056 1358 Dupin.
1073 1256 1076 1263 Ι

517 1450 735 1490 n*—

140 1586 193 1644 Ad
215 1586 323 1645 calcem
347 1592 489 1648 Gestorum
512 1591 671 1648 Collatioais
693 1591 823 1664 Cartlrog.
844 1609 921 1647 anno
944 1590 1055 1647 Christi
1075 1591 1145 1649 411.

55 1675 58 1679 ’
96 1666 224 1736 habitin,
238 1669 267 1724 in
282 1671 425 1728 Sententia
441 1670 604 1728 Marcellini
624 1671 790 1746 Cognitoris
810 1671 844 1727 de
864 1671 951 1747 priori
968 1670 1044 1746 Imp.
1065 1670 1144 1727 Con·

98 1749 228 1804 stantini
253 1749 403 1808 Sententia
422 1753 479 1809 hoc
500 1753 638 1828 scriptum
659 1749 976 1826 extat-Ultimaque
996 1750 1146 1812 Sententia

99 1828 320 1905 triumphabilis
340 1834 485 1889 memoriae
504 1832 699 1897 Constantini,
715 1851 771 1906 qua
789 1831 946 1888 evidentius
963 1831 1082 1887 docetur
1096 1849 1146 1887 ex·

100 1926 204 2045 pressa
217 1918 248 1967 et
267 1909 413 1969 Caeciliani
432 1913 598 1970 innocentia
616 1921 646 1969 et
663 1911 776 1969 Donati
793 1912 993 1986 sociorumque
1014 1909 1074 1988 ejus
1096 1930 1144 1968 ca·

112 1989 251 2046 umniosa
264 1991 436 2053 criminatio.
476 1997 596 2054 Positum
607 1997 641 2050 ad
652 2014 712 2068 pag.
722 2003 783 2053 325.
794 1997 903 2052 eorund.
915 1997 1077 2052 Monument.
1091 1996 1146 2053 Vct.

103 2063 344 2138 adoptatifinem.
436 2103 439 2109 ·
