2684 4740
242 313 482 386 nucarum
496 244 787 385 mutueris
797 272 1096 381 fnrsrurarro.
1134 322 1194 394 ¹⁷7

148 488 266 554 >omnia
279 490 395 554 Deum
410 487 552 574 replere,
570 495 604 551 'et
626 485 751 550 nullum
774 505 844 548 esse
866 496 955 551 extra
976 504 1051 547 eum
1072 480 1199 558 locum,

140 597 301 683 quiserit
312 609 467 663 creaturae
481 597 665 682 susceptor?
684 594 741 659 ubi
754 593 903 679 gehenna
916 592 1019 678 ignis?
1036 590 1094 655 ubi
1105 601 1197 654 tene·

142 704 220 773 'brae
234 706 430 773 exteriores?
451 705 507 771 ubi
527 705 640 768 fletus?
670 705 710 769 In
723 703 795 790 ipso
809 702 934 768 dicam?
972 700 1092 779 Absit3
1115 699 1196 765 alio-

153 814 232 901 quin
248 816 346 880 etiam
366 816 435 901 ipse
456 815 490 878 in
507 814 557 877 his
573 813 690 900 pariter
703 812 908 878 cruciabitur.
953 811 1033 875 Non
1046 809 1108 873 ista
1121 831 1195 873 sen-

154 924 240 989 tietis
253 925 439 1010 quicunque
458 923 571 989 salutis
594 935 706 987 vestrae
726 944 834 986 curam
856 920 989 1006 geritis?
1010 918 1197 1004 exemplum

154 1032 349 1099 enimvobis
370 1033 488 1110 dicam,
503 1045 542 1096 ut
561 1032 688 1118 plenius
707 1031 906 1116 intelligatis.
951 1029 1064 1093 Unum
1079 1049 1132 1091 vas
1146 1040 1197 1092 est

142 1145 317 1226 'nundus;
339 1146 453 1233 cquod
473 1146 540 1211 Dei
559 1145 738 1210 substantia
757 1157 863 1209 totum
888 1143 1027 1207 hoevas
1049 1140 1193 1227 replevit,

142 1257 322 1344 quomodo
332 1256 402 1342 jam
419 1269 528 1343 potest
546 1256 579 1319 in
599 1257 670 1341 ipso
684 1277 757 1320 vase
771 1253 892 1340 aliquid
906 1252 1044 1339 amplius
1058 1251 1193 1337 reponi?

138 1367 188 1433 .si
211 1367 371 1452 repletum
398 1378 460 1446 est,
485 1365 653 1452 quomodo
678 1364 831 1450 suscipiet
856 1361 944 1449 quod
970 1359 1197 1448 ponitur,nisi

153 1486 326 1540 evacuetur
347 1474 389 1539 de
410 1495 481 1538 vase
502 1495 575 1559 pars
598 1473 726 1560 aliqua?
757 1473 828 1538 Aut
846 1495 913 1558 quo
934 1470 1091 1557 proficiet,
1105 1469 1196 1556 quod

154 1583 371 1663 evacuabitur,
386 1605 462 1648 cum
477 1582 570 1648 locus
587 1605 653 1649 non
672 1582 735 1647 sit?
767 1583 835 1646 Ubi
857 1583 958 1646 terra?
984 1580 1040 1644 ubi
1057 1577 1193 1642 caelum?

155 1691 210 1757 ubi
225 1691 389 1778 abyssus?
413 1691 471 1755 ubi
490 1688 616 1755 stellae?
640 1690 698 1757 ubi
719 1689 829 1755 sedes?
853 1691 909 1755 ubi
924 1689 1119 1754 Potestates?
1138 1687 1195 1752 ubi

155 1799 336 1885 Principes?
353 1799 564 1864 ubitenebrae
576 1800 766 1864 exteriores?
783 1798 854 1885 quis
866 1810 915 1863 est
930 1797 985 1884 qui
1001 1797 1118 1861 horum
1132 1817 1195 1882 po·

154 1907 221 1978 suit
236 1908 457 1988 fundamenta,
471 1921 506 1974 et
521 1908 599 1973 ubi?
636 1910 715 1973 Non
736 1921 844 1993 potest
866 1906 982 1993 aliquis
1000 1904 1118 1984 dicere,
1134 1904 1196 1976 nisi

155 2015 239 2081 forte
263 2016 478 2109 blasphemet,
532 2017 709 2084 Quomodo
737 2028 844 2082 autem
870 2030 904 2080 et
926 2013 1064 2079 condere
1089 2015 1198 2100 potuit

154 2130 315 2191 creaturas
330 2147 394 2191 non
409 2125 603 2190 subsistente
611 2125 769 2191 materia?
792 2126 819 2190 si
840 2125 926 2216 enim
946 2124 987 2189 de
1006 2146 1072 2188 non
1087 2135 1198 2188 extan-

154 2232 255 2312 tibus,
280 2247 495 2320 consequetur
507 2233 592 2301 dtas
612 2235 751 2301 visibiles
772 2216 1102 2299 creaturasmeliores
1116 2253 1197 2312 csse,

155 2353 188 2407 et
200 2342 355 2406 omnibus
370 2343 538 2408 virtutibus
552 2344 674 2428 plenas.
697 2343 797 2431 Quod
812 2344 839 2407 si
853 2343 976 2407 malitia
989 2355 1049 2421 est,
1062 2354 1095 2406 et
1109 2363 1197 2405 mors

154 2451 186 2515 in
199 2451 259 2528 cis,
273 2465 308 2516 ct
321 2452 496 2539 corruptio,
513 2464 546 2516 et
565 2453 593 2516 si
610 2453 688 2539 quid
707 2453 794 2516 bono
808 2453 1005 2516 contrarium
1020 2463 1070 2516 est
1079 2475 1089 2530 3
1112 2471 1197 2536 quo·

154 2558 256 2635 modo
271 2581 311 2624 ex
324 2558 387 2625 alis
400 2574 514 2624 natura
528 2560 628 2626 factas
642 2582 712 2625 esse
725 2581 779 2624 cas
794 2559 952 2624 dicimus?
979 2560 1014 2623 Si
1029 2580 1103 2622 vero
1116 2579 1196 2621 con·

155 2669 302 2741 rideretis
329 2669 495 2756 quomodo
520 2682 715 2756 generentur
744 2670 799 2732 filii
825 2669 1007 2747 hominum,
1032 2664 1196 2732 invenietis

154 2800 222 2845 uon
236 2802 307 2848 esse
320 2782 504 2849 Dominum
519 2783 659 2849 hominis
673 2796 851 2848 creatorem
863 2798 875 2863 ς
897 2782 952 2847 sed
967 2782 1078 2861 alium,
1094 2781 1150 2868 qui
1163 2796 1198 2847 et

152 2887 225 2987 ipse
239 2890 392 2978 ingenitae
408 2906 458 2960 est
475 2908 609 2976 naturae,
624 2894 717 2982 cujus
731 2894 881 2960 conditor
895 2895 1014 2976 nullus,
1030 2915 1088 2959 nec
1105 2911 1196 2984 crea·-

153 3011 219 3080 tor,
233 3021 293 3065 nec
307 3003 411 3069 lactor
424 3016 486 3084 est,
501 3005 557 3069 sed
578 3005 647 3069 sola
667 3005 788 3070 malitis
807 3026 865 3070 sua
879 3004 977 3069 talem
991 3026 1066 3069 eum
1081 3017 1195 3089 protu-

150 3107 201 3175 tit.
246 3112 307 3175 Est
326 3111 427 3197 igitur
441 3114 529 3178 vobis
548 3113 734 3178 hominibus
748 3113 937 3179 commixtio
951 3135 1025 3178 cum
1042 3113 1196 3178 uxoribus

152 3212 266 3283 ¹vestris
282 3218 323 3283 de
338 3214 565 3306 hujuscemodi
580 3218 747 3286 occasione
769 3222 977 3306 descendens.
1022 3220 1108 3285 Cum
1124 3219 1197 3307 quis

152 3326 499 3397 vestrumcarnalibus
520 3327 656 3414 aliisque
678 3327 758 3392 cibis
780 3327 1042 3404 sustinebatur,
1065 3337 1143 3393 tunc
1165 3326 1198 3393 ei

151 3430 424 3517 concupiscentiae
449 3434 630 3499 oboritur
621 3434 778 3514 incitatio,
804 3434 907 3499 etita
935 3432 1111 3518 generandi
1140 3433 1198 3498 filii

149 3534 278 3602 fructus
292 3553 443 3625 augetur,
460 3553 577 3606 utnon
591 3563 632 3606 ex
646 3542 762 3606 virtute
783 3540 898 3627 aliqua,
913 3561 972 3604 nec
989 3561 1029 3604 ex
1048 3539 1195 3627 philoso-

150 3643 240 3731 phia,
257 3667 317 3710 nec
329 3669 371 3712 ex
383 3647 448 3713 alio
456 3648 532 3714 ullo
545 3649 734 3728 intellectu;
757 3649 814 3713 sed
833 3670 872 3717 ex
890 3648 959 3714 sola
977 3648 1126 3714 ciborum
1141 3671 1194 3716 ss-

149 3752 278 3832 tietste,
303 3766 337 3818 et
360 3754 506 3837 libidine,
531 3770 564 3822 et
590 3757 811 3822 fornicatione.
854 3759 898 3821 Et
923 3757 1088 3844 quomodo
1112 3758 1194 3823 mihi

148 3860 325 3949 quisquam
347 3863 445 3945 dicet,
466 3865 542 3954 quis
562 3867 605 3932 ad
626 3850 809 3953 imaginfl
824 3866 891 3930 D'ei
910 3869 1014 3932 lactus
1032 3882 1082 3933 est
1102 3883 1194 3956 pater

148 3981 262 4034 noster
273 3971 394 4052 Adam,
403 3973 494 4039 etad
503 3974 758 4054 similitudinem,
769 3988 803 4040 et
815 3975 927 4057 similis
938 3990 987 4042 est
998 3977 1038 4056 ei,
1049 3977 1194 4063 quifecit

145 4080 250 4159 eum?
281 4081 462 4168 Quomodo
477 4105 602 4162 omnes,
616 4084 674 4171 qui
691 4105 786 4149 exeo
805 4085 950 4172 generati
965 4107 1087 4164 sumus,
1102 4084 1191 4151 simi·

179 4228 199 4256 θ’
208 4223 263 4287 (tor.
274 4225 334 4290 quod
340 4226 370 4285 ri,
380 4237 411 4278 ut
420 4243 484 4293 sape
495 4225 575 4292 intre.)
642 4228 700 4278 ⁴¹1n
708 4229 791 4280 codice
801 4229 926 4284 eminenti
935 4239 980 4292 est,
989 4237 1156 4298 consequentem.

146 4318 273 4433 'ob
303 4321 358 4370 tv·
677 4325 702 4371 N
