2684 4740
238 332 298 386 tot
431 316 581 385 GESTA
602 317 731 386 APUD
755 316 1076 388 ZENOPHILUM.

237 482 304 554 lali
316 499 391 553 sunt
408 489 537 554 codices
547 491 641 556 mei:
669 491 756 556 Cum
771 514 835 578 ego
848 491 1015 571 venissem,
1030 489 1135 555 inveni
1149 488 1282 556 codices

239 598 396 663 sublatos.
437 599 658 664 Nundinarins
679 599 834 664 diaconus
855 601 957 664 dixit:
981 601 1033 664 Tu
1047 617 1127 686 ergo
1142 620 1280 687 respon·

238 705 319 771 disti
339 707 528 794 spud‘acta,
544 709 695 794 quoniam
715 709 832 774 dedisti
851 709 990 774 codices.
1033 708 1143 797 Quare
1157 722 1280 796 negas·-

240 827 300 880 tur
308 815 379 880 haec
395 837 468 902 quae
483 810 576 902 prodi
590 821 747 904 possunt?
778 817 977 904 Zenopbilus
991 819 1036 883 V.
1048 818 1089 882 C.
1104 816 1282 882 consuleris

240 923 368 988 Victori
383 923 483 989 dixit:
508 926 703 1012 Simpliciter
716 928 879 1006 confitere,
893 948 933 991 ne
947 926 1088 990 strictius
1103 927 1282 1011 interroge-

240 1032 296 1097 ris}
312 1029 562 1099 Nundinarins
578 1035 730 1100 diaconus
744 1036 844 1102 dixit:
869 1038 1035 1122 Legantur
1048 1047 1140 1100 scta:
1174 1036 1282 1099 Zeno·

239 1140 349 1226 pbilus
364 1143 408 1206 V
417 1141 462 1206 C
479 1143 654 1208 consularis
668 1144 769 1209 dixit.
761 1147 966 1230 ·Legantur
992 1145 1036 1208 Et
1049 1142 1138 1207 dedit
1153 1141 1285 1207 Nundi-

241 1251 360 1330 nsrius',
376 1264 409 1314 et
424 1254 577 1338 e'x'ceptor
592 1253 743 1317 recitavit.
766 1253 1004 1318 “Diocletiano
1019 1272 1109 1318 vrrs.
1125 1262 1160 1316 et
1175 1251 1285 1316 Maxi-

240 1360 351 1424 miano
363 1366 436 1426 vrr'.
454 1360 624 1425 Consulib.
640 1383 723 1428 xiv.
738 1362 899 1426 Kalendas
914 1362 1038 1441 lunias,
1052 1383 1092 1426 ex
1107 1361 1188 1431 actis
1203 1361 1285 1425 Mn-

240 1470 320 1533 natii
341 1469 455 1534 Felicis
476 1470 614 1536 flaminis
633 1472 781 1557 perpetui
800 1471 957 1536 curatoris
971 1471 1109 1535 colonie
1121 1468 1284 1534 Cirtensi-

239 1600 309 1641 um.
340 1578 426 1642 Cum
438 1590 567 1644 ventum
581 1592 665 1645 esset
678 1580 721 1645 ad
735 1580 870 1646 domum
884 1580 917 1644 in
932 1601 997 1666 qua
1011 1577 1191 1644 Christiani
1203 1598 1286 1642 oon·

240 1687 421 1767 veniebant,
436 1688 525 1753 Felix
539 1691 656 1753 flamen
671 1695 846 1776 perpetuus
864 1701 994 1754 curator
1014 1688 1113 1754 Paulo
1129 1687 1287 1774 episcopo

239 1797 341 1862 dixit:
364 1799 509 1863 Proferte
522 1800 703 1885 Scripturas
718 1800 813 1885 legis,
827 1811 861 1864 et
875 1798 902 1863 si
918 1797 997 1885 quid
1010 1796 1098 1862 alind
1114 1796 1169 1861 hic
1181 1796 1286 1861 habe

239 1905 294 1983 tis,
309 1915 345 1970 ut
359 1918 408 1970 est
423 1918 635 2000 praeceptum,
650 1920 688 1973 ut
702 1907 841 1995 jussioni
854 1928 967 1994 parere
980 1907 1122 1994 possitis.
1167 1906 1288 1972 Paulas

240 2014 411 2101 episcopus
427 2015 526 2080 dixit:
552 2018 734 2103 Scripturas
748 2017 885 2083 lectores
901 2014 1033 2095 habent,
1050 2015 1107 2080 sed
1122 2036 1182 2080 nos
1195 2013 1291 2102 qnod

238 2121 295 2187 bic
320 2123 489 2203 habemns,
514 2125 639 2190 damus.
684 2125 775 2190 Felix
804 2127 921 2189 flamen
950 2137 1125 2210 perpetuus
1154 2135 1295 2189 curuos·

241 2229 343 2297 Paulo
358 2233 510 2318 episcopo
527 2233 625 2298 dixit:
641 2235 787 2300 Ostende
801 2234 950 2313 lectores,
964 2245 1021 2298 aut
1035 2233 1129 2299 mitte
1142 2232 1187 2298 ad
1201 2233 1287 2299 illos.

168 2332 172 2339 ’
240 2340 359 2405 Paulus
372 2340 543 2427 episcopus
557 2341 657 2407 dixit:
680 2343 804 2407 Omnes
817 2341 1028 2428 cognoscitis.
1066 2341 1156 2406 Felix
1169 2343 1287 2407 flamen

238 2463 414 2536 perpetuus
441 2464 572 2516 curator
595 2451 782 2537 reipublicae
807 2451 906 2516 dixit:
938 2453 1017 2515 Non
1042 2471 1098 2514 eos
1124 2450 1285 2516 novimus.

240 2558 358 2624 Paulus
377 2559 548 2645 episcopus
566 2559 667 2624 dixit:
691 2561 793 2626 Novit
810 2582 867 2625 eos
885 2560 1038 2624 Officium
1055 2557 1240 2645 publicum,
1254 2557 1287 2623 id

240 2677 302 2748 est,
317 2668 457 2733 Edusius
473 2681 507 2733 et
521 2671 542 2734 J
544 2669 639 2735 unius
652 2683 853 2757 exceptores:
875 2669 965 2735 Felix
978 2671 1094 2734 flamen
1110 2681 1287 2756 perpetuus

237 2788 371 2841 curator
389 2776 574 2860 reipublicae
590 2778 692 2844 dixit:
715 2782 871 2845 Manente
891 2779 1014 2844 ratione
1034 2779 1076 2843 de
1095 2774 1287 2863 lectoribus,

241 2905 325 2970 quos
351 2884 585 2949 demonstrabit
607 2887 771 2966 Officium,
790 2911 846 2952 vos
865 2889 955 2974 quod
977 2889 1030 2952 hic
1050 2877 1181 2952 habetis
1199 2886 1288 2952 date.

243 2993 381 3057 Sedente
400 2993 500 3056 Paulo
519 2992 685 3081 episcopo,
706 2997 869 3061 Montano
891 3012 925 3061 et
944 2996 1106 3062 bVictore
1124 2997 1292 3061 Deusate-

240 3103 288 3166 lio
302 3115 336 3167 et
350 3102 515 3165 Memorio
529 3104 737 3192 presbyteris,
754 3106 900 3170 adstante
915 3105 1024 3171 Marte
1040 3126 1116 3168 cum
1138 3104 1241 3169 Helio
1255 3115 1293 3168 et

242 3212 352 3276 Marte
373 3211 527 3290 diaconis,
542 3213 736 3293 Marcuclio,
753 3213 930 3293 catullino,
946 3214 1087 3292 Silvano,
1103 3224 1139 3277 et
1155 3211 1292 3277 >Carum

240 3320 461 3397 subdiaconis,
474 3321 640 3398 Januario,
658 3321 816 3401 Meraclo,
835 3324 1026 3400 Fructuoso,
1046 3320 1293 3406 Miggine,8t-

239 3430 386 3507 turnino,
403 3428 536 3493 Victore
558 3430 745 3508 Samsurici,
764 3441 798 3494 et
820 3431 933 3494 ceteris
954 3429 1144 3508 fossoribus,
1157 3441 1295 3494 conm-

239 3539 403 3602 -scribente
418 3537 552 3600 Victore
564 3537 700 3616 Aufidii,
716 3539 748 3602 in
769 3538 856 3602 brevi
870 3538 938 3601 sic:
963 3537 1090 3601 Calices
1103 3537 1171 3601 duo
1184 3537 1294 3617 ami,

244 3649 326 3714 item
341 3647 455 3712 calices
470 3669 524 3711 sex
538 3650 693 3734 argentei,
710 3649 838 3711 urceola
853 3668 907 3710 sex
925 3659 1086 3733 argentea,
1100 3646 1294 3712 cuccumeb

238 3762 316 3827 -lum
328 3772 530 3846 argenteum,
542 3759 682 3824 lucernae
694 3772 855 3845 argenteae
868 3770 1003 3844 septem,
1017 3756 1197 3822 ccereofala
1208 3741 1297 3837 duo,

238 3865 388 3933 candelae
408 3865 517 3929 breves
539 3884 636 3930 aenese
656 3888 730 3930 cum
750 3866 889 3931 lucernis
907 3867 972 3930 suis
990 3879 1125 3949 septem,
1139 3861 1223 3927 item
1238 3863 1296 3931 lue

245 3995 350 4042 cernae
371 3995 468 4039 aeneae
486 3972 637 4037 undecim
658 3996 733 4038 cum
750 3973 871 4038 catenis
886 3973 963 4051 suis,
978 3973 1096 4036 tunicae
1108 3969 1298 4040 -mullob'roe

239 4118 248 4127 ⁸
278 4128 768 4206 bVictoredeCastello,‘apudAuguso'n.
869 4148 1022 4190 ccereostata
1033 4141 1118 4203 legend.
1130 4140 1218 4189 monuit
1229 4090 1299 4192 Soi-

247 4233 313 4280 brus.
