2684 4740
236 318 302 389 192
337 298 575 386 ARCHELAI
597 301 654 365 ΕΤ
672 289 1190 369 MANETISDISPUTA'IIO.

236 469 338 553 Iocus,
359 469 414 556 qui
435 482 492 534 aut
512 469 660 550 lucidior,
682 482 740 537 aut
757 471 925 536 obscurior
942 493 1017 535 csse·
1031 469 1196 549 videatur3
1220 460 1287 533 aad

238 601 351 655 omnes
367 579 479 646 mundi
494 592 600 666 partes
613 582 674 646 ¹‘en
686 603 780 666 aequo
795 593 827 645 et
837 581 940 668 justu,
952 581 1029 647 solis
1040 578 1279 665 fulgorelumi·

237 700 365 753 uantur.
414 687 449 751 Si
473 710 563 773 ergo,
590 703 628 754 ut
652 691 798 775 superius
822 691 973 768 diximus,
996 689 1142 754 occiduae
1156 688 1286 774 plegae‘

237 817 310 883 pars
325 798 518 887 auferature
533 798 654 877 medio,
669 800 754 864 ultra
770 798 839 886 jam
859 822 924 864 uon
944 797 1171 862 obscurabitur
1187 818 1277 883 pars,

237 925 310 990 quae
334 903 364 968 ei
388 903 524 990 adjacet.
569 907 612 969 Et
632 907 704 970 haec
726 907 855 994 quidem
884 905 966 970 mibi
990 903 1166 992 simplicius
1188 903 1279 969 dicta

236 1011 311 1090 sint,
328 1033 403 1075 cum
423 1011 543 1096 possim
561 1027 595 1076 et
614 1012 782 1078 zodiacum
801 1013 956 1078 circulum
978 1012 1177 1089 describere3
1200 1008 1279 1075 lsesl

236 1139 302 1182 non
318 1117 399 1183 intui
415 1141 499 1182 nunc
515 1119 581 1182 fieri
594 1133 681 1184 ratus
697 1143 782 1198 sum,
793 1134 925 1205 propter
937 1117 1026 1205 quod
1042 1117 1083 1183 de
1098 1117 1148 1181 his
1162 1117 1283 1197 silebo,

236 1238 271 1289 et
282 1225 323 1289 ad
337 1222 419 1290 illud
433 1241 530 1312 caput
546 1249 718 1306 recurram,
735 1228 823 1314 quod
840 1227 959 1314 objecit
972 1226 1178 1303 adversarius,
1192 1227 1286 1309 affin,

236 1353 328 1399 mans
344 1347 370 1379 ¹¹²
381 1336 469 1399 omni
484 1335 567 1415 nisu,
582 1338 730 1402 tenebras
744 1359 813 1402 csse
828 1337 998 1422 ingenitas,
1011 1335 1099 1423 quod
1111 1347 1146 1400 et
1157 1335 1284 1422 ipsuum

237 1426 394 1533 quantum
409 1444 576 1524 valuimus,
587 1445 657 1532 jam
671 1447 871 1510 confutatum
888 1457 948 1510 est.
1034 1494 1038 1503 .

245 1631 252 1639 ι
280 1545 411 1620 XXIII.
440 1554 606 1618 Jourcss
631 1573 850 1634 nrxsuuur,
865 1553 899 1618 Si
917 1553 1158 1619 consideremus
1169 1552 1281 1620 lucem

237 1663 337 1731 fuisse
359 1675 433 1729 ante
455 1661 674 1727 conditionem
695 1677 924 1744 creaturarum,
944 1677 979 1730 et
998 1663 1200 1730 nihilfuisse
1219 1666 1283 1731 ob-

232 1752 369 1862 jectum,
384 1773 473 1860 quod
487 1795 526 1837 ex
541 1795 575 1837 se
590 1774 737 1838 umbram
758 1786 940 1861 generaret,
956 1795 1083 1838 necesse
1100 1788 1151 1839 cst
1169 1774 1280 1841 lucem

237 1883 358 1969 ubique
371 1883 469 1948 fuisse
485 1882 632 1947 diffusam
636 1928 646 1962 ,
662 1895 696 1947 et
710 1882 907 1949 omnialoca
919 1883 1047 1969 fulgore
1061 1882 1143 1948 lucis
1157 1882 1282 1949 illumi·

155 2039 159 2045 .
238 2005 324 2070 nata,
337 1990 420 2056 sicut
435 2004 600 2056 ostensum
614 2004 663 2056 est
677 2014 717 2056 ex
730 1990 792 2070 his,
807 2014 881 2079 quae
895 2014 915 2056 a
927 2004 961 2057 te
975 2013 1076 2078 nuper
1089 1991 1179 2056 dicta
1193 2005 1283 2069 sunt,

233 2082 271 2164 in
294 2100 411 2188 quibus
434 2121 540 2165 veram
560 2121 629 2164 esse
649 2100 807 2164 rationem
828 2099 980 2180 videntes,
1001 2099 1115 2165 damus
1135 2099 1282 2185 palmam

239 2194 488 2296 allegationibus
501 2209 665 2274 Archelai.
701 2208 834 2273 sienim
852 2207 1038 2274 divisionem
1054 2207 1193 2294 accipiat
1204 2207 1283 2272 uni·

239 2340 348 2405 uersus
362 2320 515 2400 mundus,
531 2319 628 2384 veluti
642 2341 736 2384 muro
751 2319 890 2407 quodam
906 2341 963 2406 per
977 2318 1119 2383 medium
1140 2317 1284 2383 iustrue-

238 2441 287 2509 to,
300 2441 334 2494 et
348 2452 387 2496 ex
402 2451 465 2493 una
486 2440 575 2515 parte
596 2429 743 2494 habitent
761 2430 914 2509 tenebrae,
928 2450 968 2493 ex
981 2428 1046 2492 alia*
1057 2448 1131 2491 vero
1145 2427 1215 2506 lux,
1229 2426 1283 2491 iu·

239 2539 398 2626 telligitur
419 2538 641 2618 nihilominus,
664 2537 742 2623 quia
761 2559 801 2601 ex
824 2559 875 2616 e0‚
898 2536 987 2623 quod
1013 2536 1206 2601 instructum
1232 2544 1285 2601 eat

240 2649 423 2737 aedificium,
435 2626 552 2715 umbra
564 2659 727 2734 generata,
743 2644 917 2710 acciderint
930 2646 1071 2710 tenebrae
1078 2667 1089 2723 ;
1105 2653 1139 2708 et
1151 2663 1284 2709 rursum

239 2760 334 2826 nobis
349 2759 558 2845 quarendum
573 2768 633 2836 est,
650 2755 721 2842 quis
742 2753 943 2819 aedificaverit
963 2774 1093 2818 murum
1115 2752 1149 2817 in
1167 2751 1282 2817 medio

238 2857 388 2945 duorum,
413 2866 440 2929 si
466 2878 573 2929 tamen
600 2849 792 2927 aedificatum
816 2862 937 2942 fateris,
959 2884 980 2926 o
1004 2860 1222 2926 Manicbaee.·
1247 2859 1302 2927 si-

233 2994 312 3040 rero
331 2973 386 3037 illa
404 2972 486 3036 ratio
505 2970 735 3048 consideretur,
750 2972 842 3058 quasi
862 2992 974 3034 murus
994 2991 1059 3034 non
1082 2968 1125 3034 sit
1142 2968 1283 3035 institae·

239 3094 304 3160 tus,
321 3101 430 3145 rursus
450 3079 517 3142 sine
540 3077 647 3165 aliqua
665 3079 853 3165 exceptione
870 3100 954 3143 unus
968 3098 1037 3143 esse
1051 3077 1219 3143 unIversus
1232 3074 1281 3144 irr-

240 3189 398 3277 telligitur
419 3189 522 3269 locus,
547 3211 585 3253 ac
609 3188 670 3252 sub
695 3209 759 3252 una
781 3199 942 3273 potestate
964 3186 1088 3274 positus
1100 3212 1111 3267 ς
1133 3190 1222 3255 uude
1243 3212 1282 3257 ex

239 3301 331 3368 omni
348 3313 439 3386 parte
458 3300 599 3365 tenebrae
619 3299 795 3385 ingenitam
816 3314 963 3364 naturam
983 3299 1102 3364 habere
1122 3323 1189 3366 non
1203 3324 1280 3390 poa·

240 3426 326 3484 sunt.
368 3412 609 3479 Accusatus
630 3432 759 3491 urxrr,
770 3411 870 3476 Dicat
884 3411 966 3474 mihi
981 3410 1079 3475 etiam
1094 3410 1159 3475 hoc
1174 3410 1217 3476 ad
1230 3433 1279 3490 ea,

242 3510 316 3614 ¹quae
328 3521 496 3608 proposita
510 3531 595 3584 sunt.
629 3519 705 3586 Deo
719 3520 752 3584 in
768 3541 869 3605 regno
885 3541 945 3584 suo
958 3520 1079 3607 posito,
1091 3530 1125 3583 et
1135 3519 1280 3604 maligno

242 3629 387 3723 ¹sImiliter
407 3629 440 3693 in
461 3651 520 3694 suo
541 3651 654 3716 regno,
674 3628 745 3716 quis
768 3628 1014 3694 intermedium
1035 3629 1183 3715 ipsorum
1201 3647 1280 3694 coa.-

248 3822 252 3827 -
274 3793 288 3831 ¹³
306 3795 336 3842 ln
346 3794 428 3842 codice
440 3793 564 3842 Carrinensi
576 3794 672 3856 legitur,
684 3810 712 3841 ex
722 3811 748 3840 ea
758 3811 807 3860 quo.
824 3804 849 3843 et
859 3793 1026 3859 mprulgure.

280 3874 288 3911 ¹
299 3875 378 3922 Locus
390 3873 515 3921 manifeste
525 3882 661 3934 corruptus,
671 3874 744 3934 cujus
755 3876 818 3924 mihi
828 3874 965 3924 emendatio
976 3890 1027 3924 non
1038 3874 1153 3925 occurrit.
1186 3856 1237 3941 (Au
1247 3890 1283 3926 re·

242 3957 348 4020 ponenti.
359 3953 441 4000 intuitu
452 3953 489 4000 loc
500 3968 542 4016 pro
553 3953 612 4000 arus·
620 3952 704 4016 umor)

245 4054 248 4060 ¹
276 4037 296 4069 ‘¹²
312 4036 342 4083 In
353 4034 478 4082 Casinensi
490 4042 548 4092 erat,
559 4034 617 4080 omni
629 4032 680 4082 nisi.
697 4037 738 4083 sed
754 4035 896 4098 legendum,
907 4036 965 4085 omni
974 4036 1035 4098 nisu,
1046 4026 1153 4097 hoc'est,
1161 4038 1233 4095 omni
1243 4052 1285 4088 oo·

242 4127 323 4177 natu3
340 4114 446 4173 formula
460 4115 555 4164 dicendi
574 4116 634 4164 huic
653 4114 773 4179 interpreti
786 4119 887 4168 usitata.
899 4117 973 4168 'Vide
990 4133 1044 4183 cap·
1056 4129 1098 4170 40.
1112 4127 1138 4168 et
1150 4121 1285 4184 presertim

241 4208 344 4263 capet.
632 4198 637 4209 “
1188 4202 1191 4207 ’
