<?xml version="1.0" encoding="UTF-8"?>
<!DOCTYPE html PUBLIC "-//W3C//DTD XHTML 1.0 Transitional//EN"
    "http://www.w3.org/TR/xhtml1/DTD/xhtml1-transitional.dtd">
<html xmlns="http://www.w3.org/1999/xhtml" xml:lang="en" lang="en">
 <head>
  <title>
</title>
<meta http-equiv="Content-Type" content="text/html;charset=utf-8" />
  <meta name='ocr-system' content='tesseract 3.04.00' />
  <meta name='ocr-capabilities' content='ocr_page ocr_carea ocr_par ocr_line ocrx_word'/>
</head>
<body>
  <div class='ocr_page' id='page_1' title='image "./reliquiaesacrae10routgoog_0145.png"; bbox 0 0 2684 4740; ppageno 0'>
   <div class='ocr_carea' id='block_1_1' title="bbox 155 295 842 380">
    <p class='ocr_par' dir='ltr' id='par_1_1' title="bbox 155 295 842 380">
     <span class='ocr_line' id='line_1_1' title="bbox 155 295 842 380; baseline -0.006 -15"><span class='ocrx_word' id='word_1_1' title='bbox 155 315 218 380; x_wconf 74' lang='lat'><em>140</em></span> <span class='ocrx_word' id='word_1_2' title='bbox 507 295 842 364; x_wconf 84' lang='lat' dir='ltr'>ARCHELAUS.</span> 
     </span>
    </p>
   </div>
   <div class='ocr_carea' id='block_1_2' title="bbox 142 462 1203 4284">
    <p class='ocr_par' dir='ltr' id='par_1_2' title="bbox 142 462 1203 4284">
     <span class='ocr_line' id='line_1_2' title="bbox 154 462 1203 553; baseline 0.002 -26"><span class='ocrx_word' id='word_1_3' title='bbox 154 462 327 546; x_wconf 69' lang='grc' dir='ltr'><strong><em>δυτσέὸημα.</em></strong></span> <span class='ocrx_word' id='word_1_4' title='bbox 350 465 417 528; x_wconf 73' lang='grc' dir='ltr'><em>ἀλλ’</em></span> <span class='ocrx_word' id='word_1_5' title='bbox 433 466 560 550; x_wconf 62' lang='lat' dir='ltr'><em>steppo,</em></span> <span class='ocrx_word' id='word_1_6' title='bbox 574 471 621 543; x_wconf 75' lang='grc' dir='ltr'><em>τῆς</em></span> <span class='ocrx_word' id='word_1_7' title='bbox 636 465 774 541; x_wconf 70' lang='grc' dir='ltr'><strong><em>εδσεέιέας</em></strong></span> <span class='ocrx_word' id='word_1_8' title='bbox 785 464 959 553; x_wconf 81' lang='grc' dir='ltr'><strong><em>ὕτέρμαχος,</em></strong></span> <span class='ocrx_word' id='word_1_9' title='bbox 973 466 1020 548; x_wconf 68' lang='grc' dir='ltr'><em>κα)</em></span> <span class='ocrx_word' id='word_1_10' title='bbox 1032 469 1069 545; x_wconf 68' lang='grc' dir='ltr'><em>ὣς</em></span> <span class='ocrx_word' id='word_1_11' title='bbox 1082 471 1203 549; x_wconf 61' lang='grc' dir='ltr'><em>άληθῶς</em></span> 
     </span>
     <span class='ocr_line' id='line_1_3' title="bbox 154 546 1200 640; baseline 0.006 -28"><span class='ocrx_word' id='word_1_12' title='bbox 154 554 260 631; x_wconf 75' lang='grc' dir='ltr'><strong><em>ποιμὴν</em></strong></span> <span class='ocrx_word' id='word_1_13' title='bbox 274 546 445 634; x_wconf 84' lang='grc' dir='ltr'><strong><em>Ἀρχέλαος,</em></strong></span> <span class='ocrx_word' id='word_1_14' title='bbox 459 554 490 613; x_wconf 85' lang='lat' dir='ltr'><em>ob</em></span> <span class='ocrx_word' id='word_1_15' title='bbox 502 553 550 629; x_wconf 78' lang='lat' dir='ltr'><em>rip</em></span> <span class='ocrx_word' id='word_1_16' title='bbox 563 559 707 637; x_wconf 78' lang='grc' dir='ltr'>τυχοῦσαν</span> <span class='ocrx_word' id='word_1_17' title='bbox 719 560 774 615; x_wconf 76' lang='grc' dir='ltr'><strong><em>τῶν</em></strong></span> <span class='ocrx_word' id='word_1_18' title='bbox 787 551 940 637; x_wconf 71' lang='grc' dir='ltr'><strong><em>προέίετοον</em></strong></span> <span class='ocrx_word' id='word_1_19' title='bbox 952 551 1106 636; x_wconf 79' lang='grc' dir='ltr'><strong><em>ποιέμενος</em></strong></span> <span class='ocrx_word' id='word_1_20' title='bbox 1119 555 1200 640; x_wconf 60' lang='lat' dir='ltr'><em>epil*</em></span> 
     </span>
     <span class='ocr_line' id='line_1_4' title="bbox 154 634 1200 722; baseline 0.006 -25"><span class='ocrx_word' id='word_1_21' title='bbox 154 659 238 712; x_wconf 86' lang='grc' dir='ltr'><strong><em>νοιαν,</em></strong></span> <span class='ocrx_word' id='word_1_22' title='bbox 255 635 292 697; x_wconf 70' lang='grc' dir='ltr'><em>ἔκ</em></span> <span class='ocrx_word' id='word_1_23' title='bbox 307 634 480 720; x_wconf 75' lang='grc' dir='ltr'><strong><em>ἐνερραδῦμοι</em></strong></span> <span class='ocrx_word' id='word_1_24' title='bbox 495 634 598 700; x_wconf 73' lang='grc' dir='ltr'><strong><em>διώκειν</em></strong></span> <span class='ocrx_word' id='word_1_25' title='bbox 613 639 659 699; x_wconf 76' lang='lat' dir='ltr'><em>cir</em></span> <span class='ocrx_word' id='word_1_26' title='bbox 672 635 837 722; x_wconf 66' lang='grc' dir='ltr'><strong><em>πικρότερον</em></strong></span> <span class='ocrx_word' id='word_1_27' title='bbox 851 636 924 701; x_wconf 64' lang='lat' dir='ltr'><em>abne</em></span> <span class='ocrx_word' id='word_1_28' title='bbox 936 638 970 701; x_wconf 84' lang='grc' dir='ltr'><em>τδ</em></span> <span class='ocrx_word' id='word_1_29' title='bbox 985 637 1120 721; x_wconf 71' lang='grc' dir='ltr'><strong><em>ποίμνιον</em></strong></span> <span class='ocrx_word' id='word_1_30' title='bbox 1132 642 1200 703; x_wconf 82' lang='grc' dir='ltr'><strong><em>δια·</em></strong></span> 
     </span>
     <span class='ocr_line' id='line_1_5' title="bbox 152 718 1199 809; baseline 0.005 -26"><span class='ocrx_word' id='word_1_31' title='bbox 152 718 327 804; x_wconf 76' lang='grc' dir='ltr'><strong><em>σπαράσσειν</em></strong></span> <span class='ocrx_word' id='word_1_32' title='bbox 340 719 545 801; x_wconf 78' lang='grc' dir='ltr'><strong><em>ἐσανιςάμινιν.</em></strong></span> <span class='ocrx_word' id='word_1_33' title='bbox 569 722 601 786; x_wconf 92' lang='grc' dir='ltr'><em>Ε</em></span> <span class='ocrx_word' id='word_1_34' title='bbox 615 743 733 786; x_wconf 92' lang='lat' dir='ltr'><em>carcere</em></span> <span class='ocrx_word' id='word_1_35' title='bbox 733 720 871 807; x_wconf 86' lang='lat' dir='ltr'><em>fugiens</em></span> <span class='ocrx_word' id='word_1_36' title='bbox 886 722 1030 806; x_wconf 80' lang='lat' dir='ltr'><em>(Manes)</em></span> <span class='ocrx_word' id='word_1_37' title='bbox 1045 723 1199 809; x_wconf 88' lang='lat' dir='ltr'><em>Mesopo-</em></span> 
     </span>
     <span class='ocr_line' id='line_1_6' title="bbox 154 803 1199 893; baseline 0.005 -25"><span class='ocrx_word' id='word_1_38' title='bbox 154 803 286 868; x_wconf 89' lang='lat' dir='ltr'><em>tamiam</em></span> <span class='ocrx_word' id='word_1_39' title='bbox 296 803 392 882; x_wconf 88' lang='lat' dir='ltr'><em>uenit,</em></span> <span class='ocrx_word' id='word_1_40' title='bbox 402 803 445 867; x_wconf 88' lang='lat' dir='ltr'><em>ibi</em></span> <span class='ocrx_word' id='word_1_41' title='bbox 467 826 506 868; x_wconf 92' lang='lat' dir='ltr'><em>ue</em></span> <span class='ocrx_word' id='word_1_42' title='bbox 514 804 661 871; x_wconf 81' lang='lat' dir='ltr'><em>hcereseos</em></span> <span class='ocrx_word' id='word_1_43' title='bbox 672 828 739 870; x_wconf 78' lang='lat' dir='ltr'><em>sure</em></span> <span class='ocrx_word' id='word_1_44' title='bbox 750 805 911 870; x_wconf 79' lang='lat' dir='ltr'><em>zizaniam</em></span> <span class='ocrx_word' id='word_1_45' title='bbox 923 805 1037 871; x_wconf 83' lang='lat' dir='ltr'><em>iterum</em></span> <span class='ocrx_word' id='word_1_46' title='bbox 1046 822 1124 893; x_wconf 89' lang='lat' dir='ltr'><em>spar</em></span> <span class='ocrx_word' id='word_1_47' title='bbox 1145 830 1199 873; x_wconf 81' lang='lat' dir='ltr'><em>ere</em></span> 
     </span>
     <span class='ocr_line' id='line_1_7' title="bbox 152 827 1198 976; baseline 0.006 -24"><span class='ocrx_word' id='word_1_48' title='bbox 152 888 256 973; x_wconf 88' lang='lat' dir='ltr'><em>coepit.</em></span> <span class='ocrx_word' id='word_1_49' title='bbox 293 889 341 952; x_wconf 82' lang='lat' dir='ltr'><em>Ar</em></span> <span class='ocrx_word' id='word_1_50' title='bbox 364 827 590 954; x_wconf 73' lang='lat' dir='ltr'><em>carcharorum</em></span> <span class='ocrx_word' id='word_1_51' title='bbox 610 891 780 976; x_wconf 85' lang='lat' dir='ltr'><em>episcopus,</em></span> <span class='ocrx_word' id='word_1_52' title='bbox 802 891 853 954; x_wconf 89' lang='lat' dir='ltr'><em>cui</em></span> <span class='ocrx_word' id='word_1_53' title='bbox 875 913 985 955; x_wconf 87' lang='lat' dir='ltr'><em>nomen</em></span> <span class='ocrx_word' id='word_1_54' title='bbox 1006 892 1115 958; x_wconf 85' lang='lat' dir='ltr'><em>Arche</em></span> <span class='ocrx_word' id='word_1_55' title='bbox 1147 912 1198 972; x_wconf 89' lang='lat' dir='ltr'><em>us,</em></span> 
     </span>
     <span class='ocr_line' id='line_1_8' title="bbox 152 973 1195 1065; baseline 0.005 -28"><span class='ocrx_word' id='word_1_56' title='bbox 152 973 201 1037; x_wconf 86' lang='lat' dir='ltr'><em>uir</em></span> <span class='ocrx_word' id='word_1_57' title='bbox 215 996 310 1051; x_wconf 89' lang='lat' dir='ltr'><em>sacer,</em></span> <span class='ocrx_word' id='word_1_58' title='bbox 327 983 358 1037; x_wconf 85' lang='lat' dir='ltr'><em>et</em></span> <span class='ocrx_word' id='word_1_59' title='bbox 372 973 475 1038; x_wconf 80' lang='lat' dir='ltr'><em>morlta</em></span> <span class='ocrx_word' id='word_1_60' title='bbox 489 973 523 1037; x_wconf 91' lang='lat' dir='ltr'><em>in</em></span> <span class='ocrx_word' id='word_1_61' title='bbox 536 976 722 1040; x_wconf 74' lang='lat' dir='ltr'><em>sermonibus</em></span> <span class='ocrx_word' id='word_1_62' title='bbox 736 975 774 1038; x_wconf 86' lang='lat' dir='ltr'><em>de</em></span> <span class='ocrx_word' id='word_1_63' title='bbox 787 975 913 1055; x_wconf 87' lang='lat' dir='ltr'><em>divinis,</em></span> <span class='ocrx_word' id='word_1_64' title='bbox 927 975 1132 1065; x_wconf 72' lang='lat' dir='ltr'><em>humanisque</em></span> <span class='ocrx_word' id='word_1_65' title='bbox 1144 1000 1195 1060; x_wconf 54' lang='lat' dir='ltr'><em>ref</em></span> 
     </span>
     <span class='ocr_line' id='line_1_9' title="bbox 152 1056 1196 1144; baseline 0.006 -23"><span class='ocrx_word' id='word_1_66' title='bbox 152 1056 208 1122; x_wconf 90' lang='lat' dir='ltr'><em>bus</em></span> <span class='ocrx_word' id='word_1_67' title='bbox 228 1058 415 1123; x_wconf 78' lang='lat' dir='ltr'><em>dexteritate</em></span> <span class='ocrx_word' id='word_1_68' title='bbox 430 1059 598 1144; x_wconf 83' lang='lat' dir='ltr'><em>praeditus,</em></span> <span class='ocrx_word' id='word_1_69' title='bbox 613 1072 713 1125; x_wconf 90' lang='lat' dir='ltr'><em>coacto</em></span> <span class='ocrx_word' id='word_1_70' title='bbox 728 1060 917 1124; x_wconf 88' lang='lat' dir='ltr'><em>ethnicarum</em></span> <span class='ocrx_word' id='word_1_71' title='bbox 932 1061 1099 1142; x_wconf 86' lang='lat' dir='ltr'><em>auditorio,</em></span> <span class='ocrx_word' id='word_1_72' title='bbox 1113 1060 1196 1127; x_wconf 86' lang='lat' dir='ltr'><em>nesi</em></span> 
     </span>
     <span class='ocr_line' id='line_1_10' title="bbox 154 1143 1193 1295; baseline 0.003 -87"><span class='ocrx_word' id='word_1_73' title='bbox 154 1143 325 1208; x_wconf 78' lang='lat' dir='ltr'><em>Christiani</em></span> <span class='ocrx_word' id='word_1_74' title='bbox 338 1144 544 1226; x_wconf 82' lang='lat' dir='ltr'><em>judicassent,</em></span> <span class='ocrx_word' id='word_1_75' title='bbox 567 1145 694 1211; x_wconf 89' lang='lat' dir='ltr'><em>ueritati</em></span> <span class='ocrx_word' id='word_1_76' title='bbox 715 1145 888 1223; x_wconf 89' lang='lat' dir='ltr'><em>uictoriam,</em></span> <span class='ocrx_word' id='word_1_77' title='bbox 902 1145 1193 1295; x_wconf 52' lang='lat' dir='ltr'><em>judiacssuare,</em></span> 
     </span>
     <span class='ocr_line' id='line_1_11' title="bbox 151 1226 1193 1311; baseline 0.001 -19"><span class='ocrx_word' id='word_1_78' title='bbox 151 1227 274 1293; x_wconf 86' lang='lat' dir='ltr'><em>&#39;cessisse</em></span> <span class='ocrx_word' id='word_1_79' title='bbox 287 1227 453 1307; x_wconf 86' lang='lat' dir='ltr'><em>uideretur,</em></span> <span class='ocrx_word' id='word_1_80' title='bbox 469 1251 506 1293; x_wconf 91' lang='lat' dir='ltr'><em>us</em></span> <span class='ocrx_word' id='word_1_81' title='bbox 529 1253 566 1294; x_wconf 91' lang='lat' dir='ltr'><em>ue</em></span> <span class='ocrx_word' id='word_1_82' title='bbox 585 1230 659 1295; x_wconf 92' lang='lat' dir='ltr'><em>adeo</em></span> <span class='ocrx_word' id='word_1_83' title='bbox 681 1229 889 1294; x_wconf 87' lang='lat' dir='ltr'><em>miserrimum</em></span> <span class='ocrx_word' id='word_1_84' title='bbox 905 1226 999 1294; x_wconf 84' lang='lat' dir='ltr'><em>¹illum</em></span> <span class='ocrx_word' id='word_1_85' title='bbox 1015 1253 1033 1293; x_wconf 89' lang='lat' dir='ltr'><em>r</em></span> <span class='ocrx_word' id='word_1_86' title='bbox 1160 1230 1167 1245; x_wconf 80' lang='lat'><em>⁰</em></span> <span class='ocrx_word' id='word_1_87' title='bbox 1181 1279 1193 1311; x_wconf 92' lang='lat'><em>,</em></span> 
     </span>
     <span class='ocr_line' id='line_1_12' title="bbox 151 1253 1193 1403; baseline 0.003 -25"><span class='ocrx_word' id='word_1_88' title='bbox 151 1323 240 1378; x_wconf 90' lang='lat' dir='ltr'><em>tanto</em></span> <span class='ocrx_word' id='word_1_89' title='bbox 263 1335 300 1377; x_wconf 89' lang='lat' dir='ltr'><em>ue</em></span> <span class='ocrx_word' id='word_1_90' title='bbox 317 1313 436 1398; x_wconf 86' lang='lat' dir='ltr'><em>pudore</em></span> <span class='ocrx_word' id='word_1_91' title='bbox 456 1253 602 1400; x_wconf 59' lang='lat' dir='ltr'><em>colludit,</em></span> <span class='ocrx_word' id='word_1_92' title='bbox 624 1325 661 1380; x_wconf 89' lang='lat' dir='ltr'><em>ut</em></span> <span class='ocrx_word' id='word_1_93' title='bbox 683 1315 792 1380; x_wconf 88' lang='lat' dir='ltr'><em>statim</em></span> <span class='ocrx_word' id='word_1_94' title='bbox 808 1315 933 1403; x_wconf 71' lang='lat' dir='ltr'><em>fingam</em></span> <span class='ocrx_word' id='word_1_95' title='bbox 956 1314 1141 1400; x_wconf 78' lang='lat' dir='ltr'><em>arripuerit,</em></span> <span class='ocrx_word' id='word_1_96' title='bbox 1162 1328 1193 1381; x_wconf 91' lang='lat' dir='ltr'><em>et</em></span> 
     </span>
     <span class='ocr_line' id='line_1_13' title="bbox 149 1398 1193 1487; baseline 0.003 -24"><span class='ocrx_word' id='word_1_97' title='bbox 149 1399 217 1484; x_wconf 78' lang='lat' dir='ltr'><em>ejus</em></span> <span class='ocrx_word' id='word_1_98' title='bbox 306 1419 385 1463; x_wconf 89' lang='lat' dir='ltr'><em>eseos</em></span> <span class='ocrx_word' id='word_1_99' title='bbox 405 1398 532 1479; x_wconf 88' lang='lat' dir='ltr'><em>semina,</em></span> <span class='ocrx_word' id='word_1_100' title='bbox 548 1412 603 1464; x_wconf 88' lang='lat' dir='ltr'><em>ant</em></span> <span class='ocrx_word' id='word_1_101' title='bbox 642 1423 716 1465; x_wconf 93' lang='lat' dir='ltr'><em>nam</em></span> <span class='ocrx_word' id='word_1_102' title='bbox 733 1412 941 1476; x_wconf 86' lang='lat' dir='ltr'><em>nascerentur,</em></span> <span class='ocrx_word' id='word_1_103' title='bbox 957 1414 1104 1485; x_wconf 87' lang='lat' dir='ltr'><em>oppressa</em></span> <span class='ocrx_word' id='word_1_104' title='bbox 1113 1400 1193 1487; x_wconf 78' lang='lat' dir='ltr'><em>fise·</em></span> 
     </span>
     <span class='ocr_line' id='line_1_14' title="bbox 149 1483 1193 1583; baseline 0.004 -35"><span class='ocrx_word' id='word_1_105' title='bbox 149 1485 228 1548; x_wconf 88' lang='lat' dir='ltr'><em>rint.</em></span> <span class='ocrx_word' id='word_1_106' title='bbox 266 1486 360 1548; x_wconf 92' lang='lat' dir='ltr'><em>Porro</em></span> <span class='ocrx_word' id='word_1_107' title='bbox 384 1483 456 1549; x_wconf 89' lang='lat' dir='ltr'><em>inde</em></span> <span class='ocrx_word' id='word_1_108' title='bbox 466 1484 603 1583; x_wconf 75' lang='lat' dir='ltr'><em>fugiens</em></span> <span class='ocrx_word' id='word_1_109' title='bbox 663 1507 747 1562; x_wconf 88' lang='lat' dir='ltr'><em>anes,</em></span> <span class='ocrx_word' id='word_1_110' title='bbox 768 1486 810 1550; x_wconf 94' lang='lat' dir='ltr'><em>ad</em></span> <span class='ocrx_word' id='word_1_111' title='bbox 829 1484 1016 1549; x_wconf 87' lang='lat' dir='ltr'><em>uilissimum</em></span> <span class='ocrx_word' id='word_1_112' title='bbox 1035 1487 1193 1572; x_wconf 85' lang='lat' dir='ltr'><em>quendam</em></span> 
     </span>
     <span class='ocr_line' id='line_1_15' title="bbox 149 1568 1193 1658; baseline 0.003 -26"><span class='ocrx_word' id='word_1_113' title='bbox 149 1568 297 1655; x_wconf 84' lang='lat' dir='ltr'><em>oppidum</em></span> <span class='ocrx_word' id='word_1_114' title='bbox 307 1572 459 1652; x_wconf 81' lang='lat' dir='ltr'><em>peruenit,</em></span> <span class='ocrx_word' id='word_1_115' title='bbox 475 1569 577 1656; x_wconf 80' lang='lat' dir='ltr'><em>ibique</em></span> <span class='ocrx_word' id='word_1_116' title='bbox 590 1592 696 1634; x_wconf 89' lang='lat' dir='ltr'><em>rursus</em></span> <span class='ocrx_word' id='word_1_117' title='bbox 699 1570 824 1656; x_wconf 86' lang='lat' dir='ltr'><em>fouere,</em></span> <span class='ocrx_word' id='word_1_118' title='bbox 838 1581 933 1657; x_wconf 86' lang='lat' dir='ltr'><em>atque</em></span> <span class='ocrx_word' id='word_1_119' title='bbox 943 1569 1093 1658; x_wconf 80' lang='lat' dir='ltr'><em>evulgare</em></span> <span class='ocrx_word' id='word_1_120' title='bbox 1104 1592 1193 1635; x_wconf 79' lang='lat' dir='ltr'><em>suani</em></span> 
     </span>
     <span class='ocr_line' id='line_1_16' title="bbox 150 1654 1193 1743; baseline 0 -25"><span class='ocrx_word' id='word_1_121' title='bbox 150 1654 342 1739; x_wconf 80' lang='lat' dir='ltr'><em>impietatem</em></span> <span class='ocrx_word' id='word_1_122' title='bbox 353 1654 591 1719; x_wconf 74' lang='lat' dir='ltr'><em>machinabatur</em></span> <span class='ocrx_word' id='word_1_123' title='bbox 598 1682 610 1733; x_wconf 91' lang='lat'><em>,·</em></span> <span class='ocrx_word' id='word_1_124' title='bbox 625 1656 678 1719; x_wconf 86' lang='lat' dir='ltr'><em>sed</em></span> <span class='ocrx_word' id='word_1_125' title='bbox 690 1655 859 1720; x_wconf 87' lang='lat' dir='ltr'><em>acerrimus</em></span> <span class='ocrx_word' id='word_1_126' title='bbox 870 1655 998 1739; x_wconf 83' lang='lat' dir='ltr'><em>pietatis</em></span> <span class='ocrx_word' id='word_1_127' title='bbox 1010 1669 1193 1743; x_wconf 88' lang='lat' dir='ltr'><em>propugna-</em></span> 
     </span>
     <span class='ocr_line' id='line_1_17' title="bbox 150 1738 1193 1838; baseline 0.001 -34"><span class='ocrx_word' id='word_1_128' title='bbox 150 1749 209 1817; x_wconf 87' lang='lat' dir='ltr'><em>tor,</em></span> <span class='ocrx_word' id='word_1_129' title='bbox 223 1749 254 1802; x_wconf 89' lang='lat' dir='ltr'><em>et</em></span> <span class='ocrx_word' id='word_1_130' title='bbox 274 1762 380 1804; x_wconf 88' lang='lat' dir='ltr'><em>revera</em></span> <span class='ocrx_word' id='word_1_131' title='bbox 400 1750 507 1824; x_wconf 88' lang='lat' dir='ltr'><em>pastor</em></span> <span class='ocrx_word' id='word_1_132' title='bbox 521 1739 706 1820; x_wconf 76' lang='lat' dir='ltr'><em>Archelaus,</em></span> <span class='ocrx_word' id='word_1_133' title='bbox 722 1739 779 1838; x_wconf 88' lang='lat' dir='ltr'><em>qui</em></span> <span class='ocrx_word' id='word_1_134' title='bbox 799 1739 938 1805; x_wconf 87' lang='lat' dir='ltr'><em>sedulam</em></span> <span class='ocrx_word' id='word_1_135' title='bbox 961 1738 1063 1803; x_wconf 85' lang='lat' dir='ltr'><em>ouium</em></span> <span class='ocrx_word' id='word_1_136' title='bbox 1085 1762 1193 1805; x_wconf 83' lang='lat' dir='ltr'><em>curam</em></span> 
     </span>
     <span class='ocr_line' id='line_1_18' title="bbox 206 1822 1191 1911; baseline 0.001 -22"><span class='ocrx_word' id='word_1_137' title='bbox 206 1822 286 1900; x_wconf 89' lang='lat' dir='ltr'><em>ebat,</em></span> <span class='ocrx_word' id='word_1_138' title='bbox 301 1825 429 1888; x_wconf 89' lang='lat' dir='ltr'><em>eundem</em></span> <span class='ocrx_word' id='word_1_139' title='bbox 451 1823 521 1909; x_wconf 92' lang='lat' dir='ltr'><em>lupo</em></span> <span class='ocrx_word' id='word_1_140' title='bbox 543 1824 702 1890; x_wconf 86' lang='lat' dir='ltr'><em>sceuiorem</em></span> <span class='ocrx_word' id='word_1_141' title='bbox 725 1847 757 1888; x_wconf 91' lang='lat' dir='ltr'><em>m</em></span> <span class='ocrx_word' id='word_1_142' title='bbox 780 1824 899 1888; x_wconf 86' lang='lat' dir='ltr'><em>Christi</em></span> <span class='ocrx_word' id='word_1_143' title='bbox 918 1845 1058 1911; x_wconf 87' lang='lat' dir='ltr'><em>gregem,</em></span> <span class='ocrx_word' id='word_1_144' title='bbox 1072 1836 1191 1890; x_wconf 73' lang='lat' dir='ltr'><em>utrum</em></span> 
     </span>
     <span class='ocr_line' id='line_1_19' title="bbox 196 1908 1191 1997; baseline 0.002 -25"><span class='ocrx_word' id='word_1_145' title='bbox 196 1908 349 1992; x_wconf 82' lang='lat' dir='ltr'><em>perderet,</em></span> <span class='ocrx_word' id='word_1_146' title='bbox 375 1910 543 1972; x_wconf 87' lang='lat' dir='ltr'><em>irruentem</em></span> <span class='ocrx_word' id='word_1_147' title='bbox 569 1910 712 1997; x_wconf 86' lang='lat' dir='ltr'><em>persequi</em></span> <span class='ocrx_word' id='word_1_148' title='bbox 735 1931 933 1996; x_wconf 87' lang='lat' dir='ltr'><em>nequaquam</em></span> <span class='ocrx_word' id='word_1_149' title='bbox 960 1908 1105 1974; x_wconf 86' lang='lat' dir='ltr'><em>cessauit.</em></span> <span class='ocrx_word' id='word_1_150' title='bbox 1147 1910 1191 1974; x_wconf 88' lang='lat' dir='ltr'><em>Et</em></span> 
     </span>
     <span class='ocr_line' id='line_1_20' title="bbox 148 1993 1191 2080; baseline -0.002 -22"><span class='ocrx_word' id='word_1_151' title='bbox 148 1993 243 2070; x_wconf 85' lang='lat' dir='ltr'><em>infra,</em></span> <span class='ocrx_word' id='word_1_152' title='bbox 257 1995 297 2057; x_wconf 91' lang='grc' dir='ltr'>Ὀ</span> <span class='ocrx_word' id='word_1_153' title='bbox 310 1997 361 2075; x_wconf 77' lang='grc' dir='ltr'><strong><em>μὲν</em></strong></span> <span class='ocrx_word' id='word_1_154' title='bbox 376 1993 420 2056; x_wconf 80' lang='grc' dir='ltr'><strong><em>οὖν</em></strong></span> <span class='ocrx_word' id='word_1_155' title='bbox 436 1994 535 2071; x_wconf 76' lang='grc' dir='ltr'><strong><em>Μάνης</em></strong></span> <span class='ocrx_word' id='word_1_156' title='bbox 550 1994 636 2073; x_wconf 78' lang='grc' dir='ltr'><strong><em>οὗτος,</em></strong></span> <span class='ocrx_word' id='word_1_157' title='bbox 651 2000 725 2070; x_wconf 77' lang='grc' dir='ltr'><strong><em>ὁτῆς</em></strong></span> <span class='ocrx_word' id='word_1_158' title='bbox 743 1995 910 2072; x_wconf 71' lang='grc' dir='ltr'><strong><em>τηλικαύτης</em></strong></span> <span class='ocrx_word' id='word_1_159' title='bbox 929 1993 1090 2069; x_wconf 66' lang='lat' dir='ltr'><em>dnos-uriae</em></span> <span class='ocrx_word' id='word_1_160' title='bbox 1109 1993 1191 2080; x_wconf 66' lang='grc' dir='ltr'><strong><em>ἔξαρ-</em></strong></span> 
     </span>
     <span class='ocr_line' id='line_1_21' title="bbox 146 2076 1190 2166; baseline 0.003 -27"><span class='ocrx_word' id='word_1_161' title='bbox 146 2103 216 2166; x_wconf 83' lang='grc' dir='ltr'><strong><em>χος,</em></strong></span> <span class='ocrx_word' id='word_1_162' title='bbox 228 2078 280 2140; x_wconf 80' lang='grc' dir='ltr'><strong><em>ἔτει</em></strong></span> <span class='ocrx_word' id='word_1_163' title='bbox 294 2085 343 2154; x_wconf 77' lang='grc' dir='ltr'><em>τῆς</em></span> <span class='ocrx_word' id='word_1_164' title='bbox 356 2077 505 2157; x_wconf 65' lang='grc' dir='ltr'><strong><em>βασιλείας</em></strong></span> <span class='ocrx_word' id='word_1_165' title='bbox 519 2080 620 2164; x_wconf 75' lang='grc' dir='ltr'><strong><em>δννίιτιρ</em></strong></span> <span class='ocrx_word' id='word_1_166' title='bbox 634 2083 834 2164; x_wconf 79' lang='grc' dir='ltr'><strong><em>Οὔαλεριανοῦ,</em></strong></span> <span class='ocrx_word' id='word_1_167' title='bbox 847 2079 895 2142; x_wconf 80' lang='lat' dir='ltr'><em>uui</em></span> <span class='ocrx_word' id='word_1_168' title='bbox 910 2082 1067 2155; x_wconf 72' lang='grc' dir='ltr'><strong><em>Γαλλιηνῦ,</em></strong></span> <span class='ocrx_word' id='word_1_169' title='bbox 1082 2077 1110 2142; x_wconf 78' lang='grc' dir='ltr'><em>οδ</em></span> <span class='ocrx_word' id='word_1_170' title='bbox 1120 2076 1190 2142; x_wconf 71' lang='lat' dir='ltr'><em>‘Pb-</em></span> 
     </span>
     <span class='ocr_line' id='line_1_22' title="bbox 148 2161 1191 2249; baseline 0 -23"><span class='ocrx_word' id='word_1_171' title='bbox 148 2189 202 2247; x_wconf 74' lang='grc' dir='ltr'><em>μης</em></span> <span class='ocrx_word' id='word_1_172' title='bbox 220 2163 296 2248; x_wconf 73' lang='grc' dir='ltr'><strong><em>εἶχον</em></strong></span> <span class='ocrx_word' id='word_1_173' title='bbox 317 2165 349 2226; x_wconf 83' lang='lat' dir='ltr'><em>rb</em></span> <span class='ocrx_word' id='word_1_174' title='bbox 369 2163 512 2243; x_wconf 70' lang='grc' dir='ltr'><strong><em>βασίλειον</em></strong></span> <span class='ocrx_word' id='word_1_175' title='bbox 532 2164 643 2249; x_wconf 76' lang='grc' dir='ltr'><strong><em>κράτος,</em></strong></span> <span class='ocrx_word' id='word_1_176' title='bbox 657 2168 705 2242; x_wconf 76' lang='grc' dir='ltr'><strong><em>τὴν</em></strong></span> <span class='ocrx_word' id='word_1_177' title='bbox 724 2169 750 2227; x_wconf 79' lang='grc' dir='ltr'><strong><em>ἐν</em></strong></span> <span class='ocrx_word' id='word_1_178' title='bbox 769 2162 894 2248; x_wconf 76' lang='grc' dir='ltr'><strong><em>Πέρσαις</em></strong></span> <span class='ocrx_word' id='word_1_179' title='bbox 911 2166 1035 2244; x_wconf 72' lang='grc' dir='ltr'><strong><em>φυλακὴν</em></strong></span> <span class='ocrx_word' id='word_1_180' title='bbox 1048 2161 1191 2247; x_wconf 56' lang='lat' dir='ltr'><em>leupardi</em></span> 
     </span>
     <span class='ocr_line' id='line_1_23' title="bbox 150 2245 1186 2334; baseline -0.002 -22"><span class='ocrx_word' id='word_1_181' title='bbox 150 2249 227 2333; x_wconf 60' lang='lat' dir='ltr'><em>(tter</em></span> <span class='ocrx_word' id='word_1_182' title='bbox 241 2252 300 2333; x_wconf 73' lang='grc' dir='ltr'><em>γὰρ</em></span> <span class='ocrx_word' id='word_1_183' title='bbox 315 2249 413 2312; x_wconf 78' lang='grc' dir='ltr'><strong><em>κωλύει</em></strong></span> <span class='ocrx_word' id='word_1_184' title='bbox 429 2251 544 2311; x_wconf 71' lang='grc' dir='ltr'><strong><em>διελθεῖν</em></strong></span> <span class='ocrx_word' id='word_1_185' title='bbox 559 2247 639 2325; x_wconf 77' lang='grc' dir='ltr'><strong><em>οἳτῆς</em></strong></span> <span class='ocrx_word' id='word_1_186' title='bbox 654 2249 756 2334; x_wconf 72' lang='grc' dir='ltr'><strong><em>ἷςορέας</em></strong></span> <span class='ocrx_word' id='word_1_187' title='bbox 770 2253 783 2311; x_wconf 83' lang='grc' dir='ltr'><strong><em>ὁ</em></strong></span> <span class='ocrx_word' id='word_1_188' title='bbox 799 2248 894 2333; x_wconf 74' lang='grc' dir='ltr'><strong><em>δρόμος</em></strong></span> <span class='ocrx_word' id='word_1_189' title='bbox 904 2253 1054 2334; x_wconf 63' lang='grc' dir='ltr'><strong><em>παρῆλθεν</em></strong></span> <span class='ocrx_word' id='word_1_190' title='bbox 1069 2245 1186 2328; x_wconf 72' lang='grc' dir='ltr'><strong><em>ἄνωθεν)</em></strong></span> 
     </span>
     <span class='ocr_line' id='line_1_24' title="bbox 147 2332 1189 2417; baseline 0 -20"><span class='ocrx_word' id='word_1_191' title='bbox 147 2335 197 2397; x_wconf 72' lang='lat' dir='ltr'><em>urci</em></span> <span class='ocrx_word' id='word_1_192' title='bbox 216 2338 293 2396; x_wconf 79' lang='lat' dir='ltr'><em>nard</em></span> <span class='ocrx_word' id='word_1_193' title='bbox 315 2333 537 2415; x_wconf 72' lang='grc' dir='ltr'><strong><em>Μεσοποταμίαν</em></strong></span> <span class='ocrx_word' id='word_1_194' title='bbox 556 2332 689 2417; x_wconf 73' lang='grc' dir='ltr'><strong><em>γεγονοδς,</em></strong></span> <span class='ocrx_word' id='word_1_195' title='bbox 709 2335 759 2397; x_wconf 81' lang='lat' dir='ltr'><em>bri</em></span> <span class='ocrx_word' id='word_1_196' title='bbox 777 2340 825 2396; x_wconf 83' lang='grc' dir='ltr'><em>τοῦ</em></span> <span class='ocrx_word' id='word_1_197' title='bbox 845 2332 1021 2407; x_wconf 66' lang='lat' dir='ltr'><em>smnloo‘</em></span> <span class='ocrx_word' id='word_1_198' title='bbox 1094 2332 1189 2411; x_wconf 76' lang='grc' dir='ltr'><strong><em>ελῖιου,</em></strong></span> 
     </span>
     <span class='ocr_line' id='line_1_25' title="bbox 145 2415 1190 2505; baseline -0.002 -23"><span class='ocrx_word' id='word_1_199' title='bbox 145 2418 313 2505; x_wconf 75' lang='grc' dir='ltr'><strong><em>Καρχᾶροον</em></strong></span> <span class='ocrx_word' id='word_1_200' title='bbox 327 2420 354 2481; x_wconf 80' lang='grc' dir='ltr'><em>δὲ</em></span> <span class='ocrx_word' id='word_1_201' title='bbox 368 2424 415 2495; x_wconf 76' lang='grc' dir='ltr'><em>τῆς</em></span> <span class='ocrx_word' id='word_1_202' title='bbox 429 2422 511 2496; x_wconf 74' lang='grc' dir='ltr'><strong><em>αὐτῆς</em></strong></span> <span class='ocrx_word' id='word_1_203' title='bbox 522 2419 621 2504; x_wconf 75' lang='grc' dir='ltr'><strong><em>χώρας</em></strong></span> <span class='ocrx_word' id='word_1_204' title='bbox 636 2417 711 2491; x_wconf 77' lang='grc' dir='ltr'><strong><em>οὗτος</em></strong></span> <span class='ocrx_word' id='word_1_205' title='bbox 725 2425 737 2481; x_wconf 85' lang='lat' dir='ltr'><em>i</em></span> <span class='ocrx_word' id='word_1_206' title='bbox 753 2419 818 2503; x_wconf 79' lang='grc' dir='ltr'><strong><em>ἶερδς</em></strong></span> <span class='ocrx_word' id='word_1_207' title='bbox 839 2421 905 2503; x_wconf 74' lang='grc' dir='ltr'><strong><em>ἀνὴρ</em></strong></span> <span class='ocrx_word' id='word_1_208' title='bbox 919 2415 1039 2504; x_wconf 73' lang='grc' dir='ltr'><strong><em>Ἔφορος</em></strong></span> <span class='ocrx_word' id='word_1_209' title='bbox 1052 2444 1096 2495; x_wconf 81' lang='grc' dir='ltr'><strong><em>ην,</em></strong></span> <span class='ocrx_word' id='word_1_210' title='bbox 1110 2432 1190 2481; x_wconf 87' lang='grc' dir='ltr'><strong><em>πολ·</em></strong></span> 
     </span>
     <span class='ocr_line' id='line_1_26' title="bbox 147 2501 1189 2589; baseline -0.004 -21"><span class='ocrx_word' id='word_1_211' title='bbox 147 2503 202 2578; x_wconf 77' lang='grc' dir='ltr'><strong><em>λιδς</em></strong></span> <span class='ocrx_word' id='word_1_212' title='bbox 215 2505 276 2586; x_wconf 76' lang='grc' dir='ltr'><strong><em>μὲν,</em></strong></span> <span class='ocrx_word' id='word_1_213' title='bbox 293 2505 340 2567; x_wconf 75' lang='grc' dir='ltr'><strong><em>καὶ</em></strong></span> <span class='ocrx_word' id='word_1_214' title='bbox 354 2504 498 2589; x_wconf 74' lang='grc' dir='ltr'><strong><em>μεγάλους</em></strong></span> <span class='ocrx_word' id='word_1_215' title='bbox 518 2502 657 2589; x_wconf 77' lang='grc' dir='ltr'><strong><em>ἐλέγχους</em></strong></span> <span class='ocrx_word' id='word_1_216' title='bbox 676 2510 724 2580; x_wconf 79' lang='grc' dir='ltr'><em>τῆς</em></span> <span class='ocrx_word' id='word_1_217' title='bbox 744 2501 904 2576; x_wconf 69' lang='grc' dir='ltr'><strong><em>δυσσεὲεέας</em></strong></span> <span class='ocrx_word' id='word_1_218' title='bbox 920 2504 1058 2588; x_wconf 58' lang='lat' dir='ltr'><em>argelem</em></span> <span class='ocrx_word' id='word_1_219' title='bbox 1087 2505 1189 2565; x_wconf 64' lang='grc' dir='ltr'><strong><em>ἐκεῖθεν</em></strong></span> 
     </span>
     <span class='ocr_line' id='line_1_27' title="bbox 146 2585 1188 2675; baseline -0.002 -24"><span class='ocrx_word' id='word_1_220' title='bbox 146 2589 176 2654; x_wconf 74' lang='grc' dir='ltr'><em>δὲ</em></span> <span class='ocrx_word' id='word_1_221' title='bbox 189 2591 234 2652; x_wconf 78' lang='grc' dir='ltr'><em>διὰ</em></span> <span class='ocrx_word' id='word_1_222' title='bbox 247 2593 295 2666; x_wconf 76' lang='grc' dir='ltr'><strong><em>τὴν</em></strong></span> <span class='ocrx_word' id='word_1_223' title='bbox 309 2589 439 2667; x_wconf 78' lang='grc' dir='ltr'><strong><em>ἀδόκητον</em></strong></span> <span class='ocrx_word' id='word_1_224' title='bbox 453 2588 568 2673; x_wconf 71' lang='grc' dir='ltr'><strong><em>αἶχῦνην</em></strong></span> <span class='ocrx_word' id='word_1_225' title='bbox 582 2591 712 2673; x_wconf 68' lang='grc' dir='ltr'><strong><em>ἀποδρὰς,</em></strong></span> <span class='ocrx_word' id='word_1_226' title='bbox 727 2590 762 2661; x_wconf 79' lang='grc' dir='ltr'><strong><em>εἰς</em></strong></span> <span class='ocrx_word' id='word_1_227' title='bbox 777 2587 928 2675; x_wconf 74' lang='grc' dir='ltr'><strong><em>Διοδαρέδα</em></strong></span> <span class='ocrx_word' id='word_1_228' title='bbox 951 2585 1114 2672; x_wconf 78' lang='grc' dir='ltr'><strong><em>Καρχᾶροον</em></strong></span> <span class='ocrx_word' id='word_1_229' title='bbox 1131 2586 1188 2649; x_wconf 80' lang='lat' dir='ltr'><em>uoi-</em></span> 
     </span>
     <span class='ocr_line' id='line_1_28' title="bbox 145 2670 1188 2780; baseline -0.004 -43"><span class='ocrx_word' id='word_1_230' title='bbox 145 2699 200 2756; x_wconf 75' lang='grc' dir='ltr'><strong><em>μην</em></strong></span> <span class='ocrx_word' id='word_1_231' title='bbox 212 2673 401 2758; x_wconf 60' lang='lat' dir='ltr'><em>vagabimus.</em></span> <span class='ocrx_word' id='word_1_232' title='bbox 431 2677 457 2735; x_wconf 78' lang='grc' dir='ltr'><strong><em>ἐν</em></strong></span> <span class='ocrx_word' id='word_1_233' title='bbox 476 2674 563 2759; x_wconf 75' lang='grc' dir='ltr'><strong><em>ταύτῃ</em></strong></span> <span class='ocrx_word' id='word_1_234' title='bbox 583 2675 610 2736; x_wconf 80' lang='grc' dir='ltr'><em>δέ</em></span> <span class='ocrx_word' id='word_1_235' title='bbox 626 2672 753 2758; x_wconf 75' lang='lat' dir='ltr'><em>Tgbpmrl</em></span> <span class='ocrx_word' id='word_1_236' title='bbox 765 2697 817 2735; x_wconf 93' lang='grc' dir='ltr'><strong><em>τινι</em></strong></span> <span class='ocrx_word' id='word_1_237' title='bbox 832 2670 981 2757; x_wconf 69' lang='grc' dir='ltr'><strong><em>σπουδαίῳ,</em></strong></span> <span class='ocrx_word' id='word_1_238' title='bbox 996 2675 1057 2780; x_wconf 75' lang='grc' dir='ltr'><strong><em>ἱερῷ</em></strong></span> <span class='ocrx_word' id='word_1_239' title='bbox 1072 2672 1124 2753; x_wconf 75' lang='grc' dir='ltr'><strong><em>μὶν</em></strong></span> <span class='ocrx_word' id='word_1_240' title='bbox 1137 2674 1188 2734; x_wconf 79' lang='lat' dir='ltr'><em>hr-</em></span> 
     </span>
     <span class='ocr_line' id='line_1_29' title="bbox 146 2754 1188 2844; baseline -0.003 -23"><span class='ocrx_word' id='word_1_241' title='bbox 146 2760 199 2843; x_wconf 81' lang='grc' dir='ltr'><strong><em>δρδ,</em></strong></span> <span class='ocrx_word' id='word_1_242' title='bbox 222 2760 268 2821; x_wconf 83' lang='lat' dir='ltr'><em>riu</em></span> <span class='ocrx_word' id='word_1_243' title='bbox 293 2759 319 2820; x_wconf 77' lang='lat' dir='ltr'><em>bi</em></span> <span class='ocrx_word' id='word_1_244' title='bbox 341 2765 389 2821; x_wconf 84' lang='lat' dir='ltr'><em>rob</em></span> <span class='ocrx_word' id='word_1_245' title='bbox 415 2756 606 2844; x_wconf 70' lang='grc' dir='ltr'><strong><em>πρεσέυτέρου</em></strong></span> <span class='ocrx_word' id='word_1_246' title='bbox 633 2756 747 2820; x_wconf 80' lang='grc' dir='ltr'><strong><em>διέποντι</em></strong></span> <span class='ocrx_word' id='word_1_247' title='bbox 773 2759 897 2838; x_wconf 78' lang='grc' dir='ltr'><strong><em>βαδμδν,</em></strong></span> <span class='ocrx_word' id='word_1_248' title='bbox 919 2759 1053 2840; x_wconf 78' lang='grc' dir='ltr'><strong><em>ἑντυχοον,</em></strong></span> <span class='ocrx_word' id='word_1_249' title='bbox 1076 2758 1116 2818; x_wconf 77' lang='grc' dir='ltr'><em>τοὶ</em></span> <span class='ocrx_word' id='word_1_250' title='bbox 1137 2754 1188 2818; x_wconf 84' lang='lat' dir='ltr'><em>lau</em></span> 
     </span>
     <span class='ocr_line' id='line_1_30' title="bbox 147 2837 1187 2929; baseline -0.002 -24"><span class='ocrx_word' id='word_1_251' title='bbox 147 2841 243 2918; x_wconf 78' lang='grc' dir='ltr'><strong><em>ὑτέςη·</em></strong></span> <span class='ocrx_word' id='word_1_252' title='bbox 265 2845 344 2919; x_wconf 76' lang='grc' dir='ltr'><strong><em>πλὴν</em></strong></span> <span class='ocrx_word' id='word_1_253' title='bbox 358 2845 438 2905; x_wconf 73' lang='grc' dir='ltr'><strong><em>ἀλλὰ</em></strong></span> <span class='ocrx_word' id='word_1_254' title='bbox 453 2843 500 2904; x_wconf 81' lang='lat' dir='ltr'><em>uui</em></span> <span class='ocrx_word' id='word_1_255' title='bbox 515 2843 596 2916; x_wconf 74' lang='grc' dir='ltr'><strong><em>αὐτός</em></strong></span> <span class='ocrx_word' id='word_1_256' title='bbox 610 2869 641 2904; x_wconf 85' lang='grc' dir='ltr'><strong><em>τε</em></strong></span> <span class='ocrx_word' id='word_1_257' title='bbox 660 2847 672 2903; x_wconf 82' lang='grc' dir='ltr'><strong>ὁ</strong></span> <span class='ocrx_word' id='word_1_258' title='bbox 689 2841 850 2929; x_wconf 69' lang='grc' dir='ltr'><strong><em>Ἀρχέλαος</em></strong></span> <span class='ocrx_word' id='word_1_259' title='bbox 863 2844 912 2917; x_wconf 75' lang='grc' dir='ltr'><strong><em>τὴν</em></strong></span> <span class='ocrx_word' id='word_1_260' title='bbox 926 2843 1015 2903; x_wconf 76' lang='grc' dir='ltr'><strong><em>ἐκεῖσε</em></strong></span> <span class='ocrx_word' id='word_1_261' title='bbox 1029 2837 1187 2925; x_wconf 62' lang='grc' dir='ltr'><strong><em>παρείσδυ-</em></strong></span> 
     </span>
     <span class='ocr_line' id='line_1_31' title="bbox 146 2922 1187 3013; baseline -0.003 -22"><span class='ocrx_word' id='word_1_262' title='bbox 146 2951 192 2991; x_wconf 82' lang='grc' dir='ltr'><strong><em>σιν</em></strong></span> <span class='ocrx_word' id='word_1_263' title='bbox 209 2933 259 2989; x_wconf 83' lang='grc' dir='ltr'><em>τοῦ</em></span> <span class='ocrx_word' id='word_1_264' title='bbox 278 2925 392 2989; x_wconf 77' lang='grc' dir='ltr'><strong><em>πλάνον</em></strong></span> <span class='ocrx_word' id='word_1_265' title='bbox 409 2925 519 3008; x_wconf 63' lang='lat' dir='ltr'><em>pauidi,</em></span> <span class='ocrx_word' id='word_1_266' title='bbox 534 2926 594 3003; x_wconf 78' lang='grc' dir='ltr'><em>ὀξὺς</em></span> <span class='ocrx_word' id='word_1_267' title='bbox 609 2930 668 3013; x_wconf 72' lang='grc' dir='ltr'><em>γὰρ</em></span> <span class='ocrx_word' id='word_1_268' title='bbox 682 2925 722 3003; x_wconf 81' lang='grc' dir='ltr'><strong><em>ἦν,</em></strong></span> <span class='ocrx_word' id='word_1_269' title='bbox 739 2929 786 2990; x_wconf 77' lang='grc' dir='ltr'><strong><em>καὶ</em></strong></span> <span class='ocrx_word' id='word_1_270' title='bbox 801 2927 902 3010; x_wconf 75' lang='grc' dir='ltr'><strong><em>δερμδς</em></strong></span> <span class='ocrx_word' id='word_1_271' title='bbox 915 2925 961 2987; x_wconf 90' lang='grc' dir='ltr'><strong><em>τδν</em></strong></span> <span class='ocrx_word' id='word_1_272' title='bbox 978 2922 1076 3001; x_wconf 59' lang='lat' dir='ltr'><em>eborei}</em></span> <span class='ocrx_word' id='word_1_273' title='bbox 1097 2927 1187 3007; x_wconf 71' lang='grc' dir='ltr'><strong><em>ζῆλον,</em></strong></span> 
     </span>
     <span class='ocr_line' id='line_1_32' title="bbox 148 3008 1186 3097; baseline -0.005 -20"><span class='ocrx_word' id='word_1_274' title='bbox 148 3008 363 3091; x_wconf 69' lang='grc' dir='ltr'><strong><em>καταλαμέᾶνει</em></strong></span> <span class='ocrx_word' id='word_1_275' title='bbox 377 3012 409 3074; x_wconf 87' lang='grc' dir='ltr'><em>τδ</em></span> <span class='ocrx_word' id='word_1_276' title='bbox 421 3009 537 3097; x_wconf 72' lang='grc' dir='ltr'><strong><em>χωρίον,</em></strong></span> <span class='ocrx_word' id='word_1_277' title='bbox 552 3010 598 3089; x_wconf 65' lang='grc' dir='ltr'><strong><em>κα)</em></strong></span> <span class='ocrx_word' id='word_1_278' title='bbox 612 3017 725 3086; x_wconf 83' lang='grc' dir='ltr'><strong><em>πολλῆς</em></strong></span> <span class='ocrx_word' id='word_1_279' title='bbox 745 3012 890 3092; x_wconf 75' lang='grc' dir='ltr'><strong><em>ἐμπλήσας</em></strong></span> <span class='ocrx_word' id='word_1_280' title='bbox 907 3010 954 3072; x_wconf 89' lang='grc' dir='ltr'><strong><em>τδν</em></strong></span> <span class='ocrx_word' id='word_1_281' title='bbox 975 3009 1089 3072; x_wconf 77' lang='grc' dir='ltr'><strong><em>πλάνον</em></strong></span> <span class='ocrx_word' id='word_1_282' title='bbox 1111 3012 1186 3092; x_wconf 71' lang='grc' dir='ltr'><strong><em>ἄμιι-</em></strong></span> 
     </span>
     <span class='ocr_line' id='line_1_33' title="bbox 145 3094 1187 3204; baseline -0.002 -45"><span class='ocrx_word' id='word_1_283' title='bbox 145 3095 262 3184; x_wconf 72' lang='grc' dir='ltr'><strong><em>χανέας,</em></strong></span> <span class='ocrx_word' id='word_1_284' title='bbox 277 3094 325 3176; x_wconf 58' lang='grc' dir='ltr'><strong><em>καὶ</em></strong></span> <span class='ocrx_word' id='word_1_285' title='bbox 337 3094 366 3172; x_wconf 73' lang='grc' dir='ltr'><strong><em>ἣν</em></strong></span> <span class='ocrx_word' id='word_1_286' title='bbox 381 3094 491 3180; x_wconf 76' lang='grc' dir='ltr'><strong><em>ἔφευγεν</em></strong></span> <span class='ocrx_word' id='word_1_287' title='bbox 506 3097 632 3204; x_wconf 68' lang='grc' dir='ltr'><strong><em>αἰγῦνης,</em></strong></span> <span class='ocrx_word' id='word_1_288' title='bbox 647 3095 684 3170; x_wconf 70' lang='grc' dir='ltr'><em>οἷς</em></span> <span class='ocrx_word' id='word_1_289' title='bbox 702 3099 773 3158; x_wconf 72' lang='grc' dir='ltr'><strong><em>αὖτέ</em></strong></span> <span class='ocrx_word' id='word_1_290' title='bbox 788 3101 826 3158; x_wconf 83' lang='grc' dir='ltr'><em>τοὶ</em></span> <span class='ocrx_word' id='word_1_291' title='bbox 840 3097 956 3180; x_wconf 82' lang='grc' dir='ltr'><strong><em>μυσαροὶ</em></strong></span> <span class='ocrx_word' id='word_1_292' title='bbox 968 3101 1025 3157; x_wconf 82' lang='grc' dir='ltr'><strong><em>τῶν</em></strong></span> <span class='ocrx_word' id='word_1_293' title='bbox 1039 3094 1187 3178; x_wconf 65' lang='grc' dir='ltr'><strong><em>δογμάτων</em></strong></span> 
     </span>
     <span class='ocr_line' id='line_1_34' title="bbox 147 3176 1188 3266; baseline -0.003 -22"><span class='ocrx_word' id='word_1_294' title='bbox 147 3179 277 3266; x_wconf 81' lang='grc' dir='ltr'><strong><em>ἀνέτρετέ</em></strong></span> <span class='ocrx_word' id='word_1_295' title='bbox 294 3207 337 3260; x_wconf 87' lang='grc' dir='ltr'><strong><em>τε,</em></strong></span> <span class='ocrx_word' id='word_1_296' title='bbox 358 3182 406 3243; x_wconf 76' lang='grc' dir='ltr'><strong><em>καὶ</em></strong></span> <span class='ocrx_word' id='word_1_297' title='bbox 426 3183 602 3263; x_wconf 76' lang='grc' dir='ltr'><strong><em>ἀνεσκευαζε,</em></strong></span> <span class='ocrx_word' id='word_1_298' title='bbox 624 3179 670 3256; x_wconf 63' lang='grc' dir='ltr'><strong><em>καὶ</em></strong></span> <span class='ocrx_word' id='word_1_299' title='bbox 689 3180 834 3266; x_wconf 68' lang='grc' dir='ltr'><strong><em>προύτίθει</em></strong></span> <span class='ocrx_word' id='word_1_300' title='bbox 852 3185 931 3243; x_wconf 75' lang='grc' dir='ltr'><strong><em>πᾶσι</em></strong></span> <span class='ocrx_word' id='word_1_301' title='bbox 950 3176 1069 3264; x_wconf 74' lang='grc' dir='ltr'><strong><em>γέλωτά</em></strong></span> <span class='ocrx_word' id='word_1_302' title='bbox 1091 3206 1123 3242; x_wconf 84' lang='grc' dir='ltr'><strong><em>τε</em></strong></span> <span class='ocrx_word' id='word_1_303' title='bbox 1142 3176 1188 3256; x_wconf 66' lang='lat' dir='ltr'><em>aab</em></span> 
     </span>
     <span class='ocr_line' id='line_1_35' title="bbox 146 3262 1188 3351; baseline -0.004 -22"><span class='ocrx_word' id='word_1_304' title='bbox 146 3265 308 3350; x_wconf 83' lang='grc' dir='ltr'><strong><em>βδέλυγμα,</em></strong></span> <span class='ocrx_word' id='word_1_305' title='bbox 332 3266 545 3351; x_wconf 76' lang='grc' dir='ltr'><strong><em>παρασκευάζει</em></strong></span> <span class='ocrx_word' id='word_1_306' title='bbox 568 3266 663 3329; x_wconf 77' lang='grc' dir='ltr'><strong><em>πάλιν</em></strong></span> <span class='ocrx_word' id='word_1_307' title='bbox 688 3264 800 3349; x_wconf 77' lang='grc' dir='ltr'><strong><em>φυγάδα</em></strong></span> <span class='ocrx_word' id='word_1_308' title='bbox 822 3263 953 3348; x_wconf 56' lang='lat' dir='ltr'><em>quidus.</em></span> <span class='ocrx_word' id='word_1_309' title='bbox 990 3262 1056 3326; x_wconf 88' lang='lat' dir='ltr'><em>Hic</em></span> <span class='ocrx_word' id='word_1_310' title='bbox 1082 3262 1188 3350; x_wconf 85' lang='lat' dir='ltr'><em>itaque</em></span> 
     </span>
     <span class='ocr_line' id='line_1_36' title="bbox 146 3346 1186 3435; baseline -0.006 -19"><span class='ocrx_word' id='word_1_311' title='bbox 146 3350 263 3417; x_wconf 90' lang='lat' dir='ltr'><em>Manes</em></span> <span class='ocrx_word' id='word_1_312' title='bbox 285 3361 351 3415; x_wconf 89' lang='lat' dir='ltr'><em>tam</em></span> <span class='ocrx_word' id='word_1_313' title='bbox 370 3350 479 3435; x_wconf 74' lang='lat' dir='ltr'><em>impiae</em></span> <span class='ocrx_word' id='word_1_314' title='bbox 492 3350 638 3414; x_wconf 84' lang='lat' dir='ltr'><em>hoereseos</em></span> <span class='ocrx_word' id='word_1_315' title='bbox 653 3360 760 3414; x_wconf 90' lang='lat' dir='ltr'><em>auctor</em></span> <span class='ocrx_word' id='word_1_316' title='bbox 776 3372 852 3413; x_wconf 89' lang='lat' dir='ltr'><em>nono</em></span> <span class='ocrx_word' id='word_1_317' title='bbox 869 3370 948 3411; x_wconf 91' lang='lat' dir='ltr'><em>anno</em></span> <span class='ocrx_word' id='word_1_318' title='bbox 968 3346 1141 3427; x_wconf 79' lang='lat' dir='ltr'><em>Valeriani,</em></span> <span class='ocrx_word' id='word_1_319' title='bbox 1155 3356 1186 3411; x_wconf 82' lang='lat' dir='ltr'><em>at</em></span> 
     </span>
     <span class='ocr_line' id='line_1_37' title="bbox 149 3433 1186 3522; baseline -0.007 -20"><span class='ocrx_word' id='word_1_320' title='bbox 149 3434 289 3514; x_wconf 83' lang='lat' dir='ltr'><em>Galleni,</em></span> <span class='ocrx_word' id='word_1_321' title='bbox 306 3435 361 3522; x_wconf 91' lang='lat' dir='ltr'><em>qui</em></span> <span class='ocrx_word' id='word_1_322' title='bbox 380 3435 553 3500; x_wconf 87' lang='lat' dir='ltr'><em>Romanurn</em></span> <span class='ocrx_word' id='word_1_323' title='bbox 575 3434 751 3498; x_wconf 89' lang='lat' dir='ltr'><em>obtinebant</em></span> <span class='ocrx_word' id='word_1_324' title='bbox 770 3433 943 3518; x_wconf 89' lang='lat' dir='ltr'><em>imperium,</em></span> <span class='ocrx_word' id='word_1_325' title='bbox 959 3454 999 3496; x_wconf 85' lang='lat' dir='ltr'><em>erc</em></span> <span class='ocrx_word' id='word_1_326' title='bbox 1017 3434 1186 3496; x_wconf 79' lang='lat' dir='ltr'><em>Personam</em></span> 
     </span>
     <span class='ocr_line' id='line_1_38' title="bbox 147 3515 1187 3606; baseline -0.005 -21"><span class='ocrx_word' id='word_1_327' title='bbox 147 3519 318 3585; x_wconf 78' lang='lat' dir='ltr'><em>carceribus</em></span> <span class='ocrx_word' id='word_1_328' title='bbox 328 3519 464 3606; x_wconf 84' lang='lat' dir='ltr'><em>fugiens</em></span> <span class='ocrx_word' id='word_1_329' title='bbox 478 3520 540 3600; x_wconf 89' lang='lat' dir='ltr'><em>(nil</em></span> <span class='ocrx_word' id='word_1_330' title='bbox 553 3519 634 3583; x_wconf 88' lang='lat' dir='ltr'><em>enim</em></span> <span class='ocrx_word' id='word_1_331' title='bbox 648 3529 744 3597; x_wconf 86' lang='lat' dir='ltr'><em>uetat,</em></span> <span class='ocrx_word' id='word_1_332' title='bbox 760 3517 922 3605; x_wconf 91' lang='lat' dir='ltr'><em>quominus</em></span> <span class='ocrx_word' id='word_1_333' title='bbox 941 3516 977 3580; x_wconf 89' lang='lat' dir='ltr'><em>in&#39;</em></span> <span class='ocrx_word' id='word_1_334' title='bbox 995 3515 1187 3581; x_wconf 81' lang='lat' dir='ltr'><em>narrationis</em></span> 
     </span>
     <span class='ocr_line' id='line_1_39' title="bbox 148 3601 1188 3690; baseline -0.005 -20"><span class='ocrx_word' id='word_1_335' title='bbox 148 3605 226 3670; x_wconf 86' lang='lat' dir='ltr'><em>serie</em></span> <span class='ocrx_word' id='word_1_336' title='bbox 245 3605 384 3690; x_wconf 86' lang='lat' dir='ltr'><em>superius</em></span> <span class='ocrx_word' id='word_1_337' title='bbox 401 3605 614 3689; x_wconf 71' lang='lat' dir='ltr'><em>praetermissa</em></span> <span class='ocrx_word' id='word_1_338' title='bbox 633 3607 853 3684; x_wconf 85' lang='lat' dir='ltr'><em>recenseamus)</em></span> <span class='ocrx_word' id='word_1_339' title='bbox 871 3624 942 3666; x_wconf 89' lang='lat' dir='ltr'><em>cum</em></span> <span class='ocrx_word' id='word_1_340' title='bbox 955 3601 989 3666; x_wconf 88' lang='lat' dir='ltr'><em>in</em></span> <span class='ocrx_word' id='word_1_341' title='bbox 1003 3601 1188 3686; x_wconf 84' lang='lat' dir='ltr'><em>Mesopota·</em></span> 
     </span>
     <span class='ocr_line' id='line_1_40' title="bbox 147 3686 1187 3771; baseline -0.005 -17"><span class='ocrx_word' id='word_1_342' title='bbox 147 3691 245 3754; x_wconf 87' lang='lat' dir='ltr'><em>mium</em></span> <span class='ocrx_word' id='word_1_343' title='bbox 259 3689 400 3766; x_wconf 77' lang='lat' dir='ltr'><em>vertisset,</em></span> <span class='ocrx_word' id='word_1_344' title='bbox 415 3688 454 3753; x_wconf 93' lang='lat' dir='ltr'><em>ab</em></span> <span class='ocrx_word' id='word_1_345' title='bbox 470 3688 649 3754; x_wconf 84' lang='lat' dir='ltr'><em>admirabili</em></span> <span class='ocrx_word' id='word_1_346' title='bbox 667 3687 732 3761; x_wconf 87' lang='lat' dir='ltr'><em>uiro</em></span> <span class='ocrx_word' id='word_1_347' title='bbox 747 3686 900 3752; x_wconf 84' lang='lat' dir='ltr'><em>Archelao</em></span> <span class='ocrx_word' id='word_1_348' title='bbox 918 3689 999 3771; x_wconf 87' lang='lat' dir='ltr'><em>(erat</em></span> <span class='ocrx_word' id='word_1_349' title='bbox 1013 3697 1119 3749; x_wconf 87' lang='lat' dir='ltr'><em>autern</em></span> <span class='ocrx_word' id='word_1_350' title='bbox 1134 3706 1187 3750; x_wconf 87' lang='lat' dir='ltr'><em>sa-</em></span> 
     </span>
     <span class='ocr_line' id='line_1_41' title="bbox 147 3769 1189 3918; baseline -0.006 -79"><span class='ocrx_word' id='word_1_351' title='bbox 147 3797 198 3839; x_wconf 87' lang='lat' dir='ltr'><em>cer</em></span> <span class='ocrx_word' id='word_1_352' title='bbox 212 3773 270 3839; x_wconf 88' lang='lat' dir='ltr'><em>iste</em></span> <span class='ocrx_word' id='word_1_353' title='bbox 287 3774 336 3836; x_wconf 89' lang='lat' dir='ltr'><em>nir</em></span> <span class='ocrx_word' id='word_1_354' title='bbox 352 3773 576 3839; x_wconf 72' lang='lat' dir='ltr'><em>carcharorum</em></span> <span class='ocrx_word' id='word_1_355' title='bbox 598 3773 733 3858; x_wconf 74' lang='lat' dir='ltr'><em>q&#39;usdem</em></span> <span class='ocrx_word' id='word_1_356' title='bbox 753 3771 887 3860; x_wconf 85' lang='lat' dir='ltr'><em>regionis</em></span> <span class='ocrx_word' id='word_1_357' title='bbox 907 3771 993 3835; x_wconf 90' lang='lat' dir='ltr'><em>urbis</em></span> <span class='ocrx_word' id='word_1_358' title='bbox 1009 3769 1189 3918; x_wconf 46' lang='lat' dir='ltr'><em>&#39;episgzusq</em></span> 
     </span>
     <span class='ocr_line' id='line_1_42' title="bbox 145 3855 1169 3958; baseline -0.007 -34"><span class='ocrx_word' id='word_1_359' title='bbox 145 3860 213 3958; x_wconf 64' lang='lat' dir='ltr'><em>ejus</em></span> <span class='ocrx_word' id='word_1_360' title='bbox 228 3858 372 3941; x_wconf 87' lang='lat' dir='ltr'><em>impietas</em></span> <span class='ocrx_word' id='word_1_361' title='bbox 385 3859 509 3946; x_wconf 87' lang='lat' dir='ltr'><em>egregie</em></span> <span class='ocrx_word' id='word_1_362' title='bbox 522 3857 774 3943; x_wconf 87' lang='lat' dir='ltr'><em>abundanterque</em></span> <span class='ocrx_word' id='word_1_363' title='bbox 787 3855 951 3942; x_wconf 88' lang='lat' dir='ltr'><em>confutata</em></span> <span class='ocrx_word' id='word_1_364' title='bbox 964 3864 1021 3920; x_wconf 86' lang='lat' dir='ltr'><em>est.</em></span> <span class='ocrx_word' id='word_1_365' title='bbox 1058 3855 1082 3918; x_wconf 96' lang='lat' dir='ltr'><strong><em>I</em></strong></span> <span class='ocrx_word' id='word_1_366' title='bbox 1153 3877 1169 3917; x_wconf 93' lang='grc' dir='ltr'><strong><em>ο</em></strong></span> 
     </span>
     <span class='ocr_line' id='line_1_43' title="bbox 147 3937 1190 4027; baseline -0.003 -21"><span class='ocrx_word' id='word_1_367' title='bbox 147 3965 160 4006; x_wconf 87' lang='grc' dir='ltr'><strong><em>ι</em></strong></span> <span class='ocrx_word' id='word_1_368' title='bbox 183 3942 362 4022; x_wconf 89' lang='lat' dir='ltr'><em>naminiam,</em></span> <span class='ocrx_word' id='word_1_369' title='bbox 409 3966 482 4007; x_wconf 90' lang='lat' dir='ltr'><em>uam</em></span> <span class='ocrx_word' id='word_1_370' title='bbox 505 3966 545 4007; x_wconf 83' lang='lat' dir='ltr'><em>ex</em></span> <span class='ocrx_word' id='word_1_371' title='bbox 567 3940 745 4027; x_wconf 86' lang='lat' dir='ltr'><em>necopinato</em></span> <span class='ocrx_word' id='word_1_372' title='bbox 768 3956 880 4026; x_wconf 84' lang='lat' dir='ltr'><em>passus</em></span> <span class='ocrx_word' id='word_1_373' title='bbox 899 3951 957 4018; x_wconf 91' lang='lat' dir='ltr'><em>est,</em></span> <span class='ocrx_word' id='word_1_374' title='bbox 973 3937 1123 4026; x_wconf 76' lang='lat' dir='ltr'><em>fugiens,</em></span> <span class='ocrx_word' id='word_1_375' title='bbox 1145 3938 1190 4003; x_wconf 80' lang='lat' dir='ltr'><em>ad</em></span> 
     </span>
     <span class='ocr_line' id='line_1_44' title="bbox 146 3966 1192 4115; baseline -0.005 -22"><span class='ocrx_word' id='word_1_376' title='bbox 146 3966 348 4094; x_wconf 60' lang='lat' dir='ltr'><em>Biodoridem</em></span> <span class='ocrx_word' id='word_1_377' title='bbox 372 3967 594 4092; x_wconf 73' lang='lat' dir='ltr'><em>dorctmomn</em></span> <span class='ocrx_word' id='word_1_378' title='bbox 615 4025 750 4115; x_wconf 82' lang='lat' dir='ltr'><em>regionis</em></span> <span class='ocrx_word' id='word_1_379' title='bbox 772 4024 917 4111; x_wconf 89' lang='lat' dir='ltr'><em>oppidum</em></span> <span class='ocrx_word' id='word_1_380' title='bbox 938 4023 1021 4088; x_wconf 90' lang='lat' dir='ltr'><em>clam</em></span> <span class='ocrx_word' id='word_1_381' title='bbox 1045 4023 1192 4103; x_wconf 86' lang='lat' dir='ltr'><em>accessit,</em></span> 
     </span>
     <span class='ocr_line' id='line_1_45' title="bbox 142 4109 1189 4200; baseline -0.007 -24"><span class='ocrx_word' id='word_1_382' title='bbox 142 4113 200 4176; x_wconf 89' lang='lat' dir='ltr'><em>nbi</em></span> <span class='ocrx_word' id='word_1_383' title='bbox 214 4114 248 4178; x_wconf 88' lang='lat' dir='ltr'><em>in</em></span> <span class='ocrx_word' id='word_1_384' title='bbox 262 4113 455 4200; x_wconf 77' lang='lat' dir='ltr'><em>Tryphonem</em></span> <span class='ocrx_word' id='word_1_385' title='bbox 473 4113 582 4194; x_wconf 82' lang='lat' dir='ltr'><em>(male,</em></span> <span class='ocrx_word' id='word_1_386' title='bbox 596 4113 769 4177; x_wconf 82' lang='lat' dir='ltr'><em>vocabatur</em></span> <span class='ocrx_word' id='word_1_387' title='bbox 785 4110 873 4174; x_wconf 85' lang='lat' dir='ltr'><em>enim</em></span> <span class='ocrx_word' id='word_1_388' title='bbox 887 4109 1069 4190; x_wconf 82' lang='lat' dir='ltr'><em>Diodorus)</em></span> <span class='ocrx_word' id='word_1_389' title='bbox 1087 4128 1189 4194; x_wconf 85' lang='lat' dir='ltr'><em>quen.-</em></span> 
     </span>
     <span class='ocr_line' id='line_1_46' title="bbox 146 4191 1191 4284; baseline -0.005 -22"><span class='ocrx_word' id='word_1_390' title='bbox 146 4195 221 4262; x_wconf 83' lang='lat' dir='ltr'><em>dam</em></span> <span class='ocrx_word' id='word_1_391' title='bbox 243 4218 366 4264; x_wconf 77' lang='lat' dir='ltr'><em>sanum</em></span> <span class='ocrx_word' id='word_1_392' title='bbox 386 4196 611 4284; x_wconf 85' lang='lat' dir='ltr'><em>probatumque</em></span> <span class='ocrx_word' id='word_1_393' title='bbox 632 4197 745 4276; x_wconf 87' lang='lat' dir='ltr'><em>uirum,</em></span> <span class='ocrx_word' id='word_1_394' title='bbox 766 4205 798 4258; x_wconf 89' lang='lat' dir='ltr'><em>et</em></span> <span class='ocrx_word' id='word_1_395' title='bbox 818 4194 853 4258; x_wconf 85' lang='lat' dir='ltr'><em>in</em></span> <span class='ocrx_word' id='word_1_396' title='bbox 872 4191 1060 4280; x_wconf 78' lang='lat' dir='ltr'><em>presbyterii</em></span> <span class='ocrx_word' id='word_1_397' title='bbox 1080 4192 1191 4280; x_wconf 86' lang='lat' dir='ltr'><em>gradu</em></span> 
     </span>
    </p>
   </div>
   <div class='ocr_carea' id='block_1_3' title="bbox 0 0 1346 4740">
    <p class='ocr_par' dir='ltr' id='par_1_3' title="bbox 0 0 1346 4740">
     <span class='ocr_line' id='line_1_47' title="bbox 0 0 1346 4740; baseline 0 3"><span class='ocrx_word' id='word_1_398' title='bbox 0 0 1346 4740; x_wconf 95' lang='lat' dir='ltr'><em> </em></span> 
     </span>
    </p>
   </div>
  </div>
 </body>
</html>
