<?xml version="1.0" encoding="UTF-8"?>
<!DOCTYPE html PUBLIC "-//W3C//DTD XHTML 1.0 Transitional//EN"
    "http://www.w3.org/TR/xhtml1/DTD/xhtml1-transitional.dtd">
<html xmlns="http://www.w3.org/1999/xhtml" xml:lang="en" lang="en">
 <head>
  <title>
</title>
<meta http-equiv="Content-Type" content="text/html;charset=utf-8" />
  <meta name='ocr-system' content='tesseract 3.04.00' />
  <meta name='ocr-capabilities' content='ocr_page ocr_carea ocr_par ocr_line ocrx_word'/>
</head>
<body>
  <div class='ocr_page' id='page_1' title='image "./reliquiaesacrae10routgoog_0293.png"; bbox 0 0 2684 4740; ppageno 0'>
   <div class='ocr_carea' id='block_1_1' title="bbox 242 309 1024 409">
    <p class='ocr_par' dir='ltr' id='par_1_1' title="bbox 242 309 1024 409">
     <span class='ocr_line' id='line_1_1' title="bbox 242 309 1024 409; baseline -0.001 -21"><span class='ocrx_word' id='word_1_1' title='bbox 242 335 305 409; x_wconf 67' lang='lat' dir='ltr'><strong>so</strong></span> <span class='ocrx_word' id='word_1_2' title='bbox 469 309 1024 390; x_wconf 65' lang='lat' dir='ltr'><strong>smmmmmm</strong></span> 
     </span>
    </p>
   </div>
   <div class='ocr_carea' id='block_1_2' title="bbox 240 481 1336 4211">
    <p class='ocr_par' dir='ltr' id='par_1_2' title="bbox 241 481 1333 1326">
     <span class='ocr_line' id='line_1_2' title="bbox 242 481 1277 579; baseline 0.005 -25"><span class='ocrx_word' id='word_1_3' title='bbox 242 481 352 568; x_wconf 80' lang='lat' dir='ltr'><strong>fuerit,</strong></span> <span class='ocrx_word' id='word_1_4' title='bbox 373 487 482 554; x_wconf 88' lang='lat' dir='ltr'><strong>statim</strong></span> <span class='ocrx_word' id='word_1_5' title='bbox 504 490 545 554; x_wconf 90' lang='lat' dir='ltr'><strong>ab</strong></span> <span class='ocrx_word' id='word_1_6' title='bbox 571 490 621 555; x_wconf 87' lang='lat' dir='ltr'><strong>his</strong></span> <span class='ocrx_word' id='word_1_7' title='bbox 644 487 870 558; x_wconf 70' lang='lat' dir='ltr'><strong>haereticorum</strong></span> <span class='ocrx_word' id='word_1_8' title='bbox 892 491 1103 579; x_wconf 80' lang='lat' dir='ltr'><strong>perfundetur</strong></span> <span class='ocrx_word' id='word_1_9' title='bbox 1126 490 1277 560; x_wconf 70' lang='lat' dir='ltr'><strong>infamia}</strong></span> 
     </span>
     <span class='ocr_line' id='line_1_3' title="bbox 241 596 1278 690; baseline 0.002 -24"><span class='ocrx_word' id='word_1_10' title='bbox 241 596 391 686; x_wconf 87' lang='lat' dir='ltr'><strong>Denique</strong></span> <span class='ocrx_word' id='word_1_11' title='bbox 413 621 489 664; x_wconf 92' lang='lat' dir='ltr'><strong>cum</strong></span> <span class='ocrx_word' id='word_1_12' title='bbox 509 597 620 665; x_wconf 88' lang='lat' dir='ltr'><strong>multis</strong></span> <span class='ocrx_word' id='word_1_13' title='bbox 638 599 782 665; x_wconf 85' lang='lat' dir='ltr'><strong>honestre</strong></span> <span class='ocrx_word' id='word_1_14' title='bbox 803 599 876 688; x_wconf 70' lang='lat' dir='ltr'><strong>vitae</strong></span> <span class='ocrx_word' id='word_1_15' title='bbox 895 611 929 666; x_wconf 82' lang='lat' dir='ltr'><strong>et</strong></span> <span class='ocrx_word' id='word_1_16' title='bbox 949 599 1091 688; x_wconf 79' lang='lat' dir='ltr'><strong>religiosi</strong></span> <span class='ocrx_word' id='word_1_17' title='bbox 1111 602 1278 690; x_wconf 73' lang='lat' dir='ltr'>propositi</span> 
     </span>
     <span class='ocr_line' id='line_1_4' title="bbox 241 695 1278 797; baseline 0.004 -23"><span class='ocrx_word' id='word_1_18' title='bbox 241 704 316 774; x_wconf 85' lang='lat' dir='ltr'><strong>viris</strong></span> <span class='ocrx_word' id='word_1_19' title='bbox 334 695 502 797; x_wconf 89' lang='lat' dir='ltr'><strong>inquibus</strong></span> <span class='ocrx_word' id='word_1_20' title='bbox 520 707 599 774; x_wconf 93' lang='lat' dir='ltr'><strong>nihil</strong></span> <span class='ocrx_word' id='word_1_21' title='bbox 619 730 748 795; x_wconf 84' lang='lat' dir='ltr'><strong>prorsus</strong></span> <span class='ocrx_word' id='word_1_22' title='bbox 768 707 873 796; x_wconf 85' lang='lat' dir='ltr'><strong>culpae</strong></span> <span class='ocrx_word' id='word_1_23' title='bbox 893 703 1068 790; x_wconf 89' lang='lat' dir='ltr'><strong>inveniunt,</strong></span> <span class='ocrx_word' id='word_1_24' title='bbox 1088 708 1278 778; x_wconf 83' lang='lat' dir='ltr'><strong>inimicitias</strong></span> 
     </span>
     <span class='ocr_line' id='line_1_5' title="bbox 242 817 1333 906; baseline 0.005 -23"><span class='ocrx_word' id='word_1_25' title='bbox 242 829 375 906; x_wconf 87' lang='lat' dir='ltr'><strong>propter</strong></span> <span class='ocrx_word' id='word_1_26' title='bbox 392 819 456 884; x_wconf 91' lang='lat' dir='ltr'><strong>hoc</strong></span> <span class='ocrx_word' id='word_1_27' title='bbox 476 818 579 883; x_wconf 87' lang='lat' dir='ltr'><strong>solum</strong></span> <span class='ocrx_word' id='word_1_28' title='bbox 601 817 732 898; x_wconf 89' lang='lat' dir='ltr'><strong>habent,</strong></span> <span class='ocrx_word' id='word_1_29' title='bbox 752 817 780 884; x_wconf 88' lang='lat' dir='ltr'><strong>si</strong></span> <span class='ocrx_word' id='word_1_30' title='bbox 799 839 912 884; x_wconf 89' lang='lat' dir='ltr'><strong>eorum</strong></span> <span class='ocrx_word' id='word_1_31' title='bbox 932 818 1073 886; x_wconf 89' lang='lat' dir='ltr'><strong>studium</strong></span> <span class='ocrx_word' id='word_1_32' title='bbox 1097 819 1186 886; x_wconf 83' lang='lat' dir='ltr'><strong>circa</strong></span> <span class='ocrx_word' id='word_1_33' title='bbox 1206 843 1279 888; x_wconf 86' lang='lat' dir='ltr'><strong>me·</strong></span> <span class='ocrx_word' id='word_1_34' title='bbox 1332 830 1333 834; x_wconf 77' lang='grc'>’</span> 
     </span>
     <span class='ocr_line' id='line_1_6' title="bbox 243 925 1277 1016; baseline 0.005 -23"><span class='ocrx_word' id='word_1_35' title='bbox 243 927 360 993; x_wconf 86' lang='lat' dir='ltr'><strong>morati</strong></span> <span class='ocrx_word' id='word_1_36' title='bbox 374 927 429 992; x_wconf 68' lang='lat' dir='ltr'><strong>riri</strong></span> <span class='ocrx_word' id='word_1_37' title='bbox 443 925 542 992; x_wconf 91' lang='lat' dir='ltr'><strong>libros</strong></span> <span class='ocrx_word' id='word_1_38' title='bbox 555 927 744 1016; x_wconf 86' lang='lat' dir='ltr'>propensius</span> <span class='ocrx_word' id='word_1_39' title='bbox 759 948 829 992; x_wconf 86' lang='lat' dir='ltr'><strong>esse</strong></span> <span class='ocrx_word' id='word_1_40' title='bbox 843 929 1071 1014; x_wconf 73' lang='lat' dir='ltr'>perspexerint,</span> <span class='ocrx_word' id='word_1_41' title='bbox 1085 929 1277 998; x_wconf 83' lang='lat' dir='ltr'><strong>invidiosius</strong></span> 
     </span>
     <span class='ocr_line' id='line_1_7' title="bbox 246 1034 1278 1129; baseline 0.005 -27"><span class='ocrx_word' id='word_1_42' title='bbox 246 1036 342 1103; x_wconf 85' lang='lat' dir='ltr'><strong>etiam</strong></span> <span class='ocrx_word' id='word_1_43' title='bbox 364 1036 426 1103; x_wconf 84' lang='lat' dir='ltr'><strong>ista</strong></span> <span class='ocrx_word' id='word_1_44' title='bbox 446 1037 611 1123; x_wconf 85' lang='lat' dir='ltr'><strong>fingentes,</strong></span> <span class='ocrx_word' id='word_1_45' title='bbox 626 1035 714 1124; x_wconf 84' lang='lat' dir='ltr'><strong>qudd</strong></span> <span class='ocrx_word' id='word_1_46' title='bbox 726 1036 769 1102; x_wconf 89' lang='lat' dir='ltr'><strong>ab</strong></span> <span class='ocrx_word' id='word_1_47' title='bbox 783 1034 834 1102; x_wconf 91' lang='lat' dir='ltr'><strong>his</strong></span> <span class='ocrx_word' id='word_1_48' title='bbox 848 1036 881 1102; x_wconf 90' lang='lat' dir='ltr'><strong>in</strong></span> <span class='ocrx_word' id='word_1_49' title='bbox 894 1037 969 1104; x_wconf 91' lang='lat' dir='ltr'><strong>loco</strong></span> <span class='ocrx_word' id='word_1_50' title='bbox 981 1048 1168 1106; x_wconf 83' lang='lat' dir='ltr'><strong>sauctorum</strong></span> <span class='ocrx_word' id='word_1_51' title='bbox 1181 1040 1278 1129; x_wconf 86' lang='lat' dir='ltr'><strong>Apo·</strong></span> 
     </span>
     <span class='ocr_line' id='line_1_8' title="bbox 245 1147 1278 1243; baseline 0.007 -29"><span class='ocrx_word' id='word_1_52' title='bbox 245 1147 402 1214; x_wconf 87' lang='lat' dir='ltr'><strong>stolorum</strong></span> <span class='ocrx_word' id='word_1_53' title='bbox 417 1148 466 1214; x_wconf 87' lang='lat' dir='ltr'><strong>vel</strong></span> <span class='ocrx_word' id='word_1_54' title='bbox 481 1148 713 1236; x_wconf 83' lang='lat' dir='ltr'><strong>Prophetarum</strong></span> <span class='ocrx_word' id='word_1_55' title='bbox 732 1161 799 1217; x_wconf 87' lang='lat' dir='ltr'><strong>tam</strong></span> <span class='ocrx_word' id='word_1_56' title='bbox 821 1148 889 1238; x_wconf 91' lang='lat' dir='ltr'><strong>ipse</strong></span> <span class='ocrx_word' id='word_1_57' title='bbox 910 1173 1009 1240; x_wconf 90' lang='lat' dir='ltr'><strong>quam</strong></span> <span class='ocrx_word' id='word_1_58' title='bbox 1027 1150 1115 1218; x_wconf 82' lang='lat' dir='ltr'><strong>diets</strong></span> <span class='ocrx_word' id='word_1_59' title='bbox 1128 1153 1203 1243; x_wconf 85' lang='lat' dir='ltr'><strong>ejus</strong></span> <span class='ocrx_word' id='word_1_60' title='bbox 1218 1153 1278 1220; x_wconf 84' lang='lat' dir='ltr'><strong>ba·</strong></span> 
     </span>
     <span class='ocr_line' id='line_1_9' title="bbox 245 1259 391 1326; baseline 0.014 -2"><span class='ocrx_word' id='word_1_61' title='bbox 245 1259 391 1326; x_wconf 87' lang='lat' dir='ltr'><strong>beantur.</strong></span> 
     </span>
    </p>

    <p class='ocr_par' dir='ltr' id='par_1_3' title="bbox 245 1370 1336 1792">
     <span class='ocr_line' id='line_1_10' title="bbox 288 1370 1279 1441; baseline 0.006 -6"><span class='ocrx_word' id='word_1_62' title='bbox 288 1370 352 1436; x_wconf 90' lang='lat' dir='ltr'><strong>Sed</strong></span> <span class='ocrx_word' id='word_1_63' title='bbox 366 1370 407 1436; x_wconf 91' lang='lat' dir='ltr'><strong>de</strong></span> <span class='ocrx_word' id='word_1_64' title='bbox 420 1371 483 1436; x_wconf 91' lang='lat' dir='ltr'><strong>hoc</strong></span> <span class='ocrx_word' id='word_1_65' title='bbox 497 1381 621 1438; x_wconf 88' lang='lat' dir='ltr'><strong>certum</strong></span> <span class='ocrx_word' id='word_1_66' title='bbox 635 1388 700 1438; x_wconf 90' lang='lat' dir='ltr'><strong>non</strong></span> <span class='ocrx_word' id='word_1_67' title='bbox 713 1370 817 1438; x_wconf 84' lang='lat' dir='ltr'><strong>habeo</strong></span> <span class='ocrx_word' id='word_1_68' title='bbox 830 1381 939 1438; x_wconf 89' lang='lat' dir='ltr'><strong>utrum</strong></span> <span class='ocrx_word' id='word_1_69' title='bbox 959 1371 1177 1439; x_wconf 82' lang='lat' dir='ltr'><strong>calumniandi</strong></span> <span class='ocrx_word' id='word_1_70' title='bbox 1201 1385 1279 1441; x_wconf 83' lang='lat' dir='ltr'><strong>voto</strong></span> 
     </span>
     <span class='ocr_line' id='line_1_11' title="bbox 245 1481 1277 1577; baseline 0.003 -31"><span class='ocrx_word' id='word_1_71' title='bbox 245 1482 473 1548; x_wconf 73' lang='lat' dir='ltr'><strong>tantummodo</strong></span> <span class='ocrx_word' id='word_1_72' title='bbox 491 1482 554 1547; x_wconf 81' lang='lat' dir='ltr'><strong>istc</strong></span> <span class='ocrx_word' id='word_1_73' title='bbox 572 1482 729 1562; x_wconf 85' lang='lat' dir='ltr'><strong>factitent,</strong></span> <span class='ocrx_word' id='word_1_74' title='bbox 748 1481 906 1577; x_wconf 77' lang='lat' dir='ltr'><strong>anetiam</strong></span> <span class='ocrx_word' id='word_1_75' title='bbox 921 1481 963 1547; x_wconf 90' lang='lat' dir='ltr'><strong>ab</strong></span> <span class='ocrx_word' id='word_1_76' title='bbox 975 1481 1136 1571; x_wconf 78' lang='lat' dir='ltr'>aliquibus</span> <span class='ocrx_word' id='word_1_77' title='bbox 1151 1482 1277 1574; x_wconf 83' lang='lat' dir='ltr'><strong>simpli-</strong></span> 
     </span>
     <span class='ocr_line' id='line_1_12' title="bbox 247 1578 1276 1707; baseline 0.003 -50"><span class='ocrx_word' id='word_1_78' title='bbox 247 1578 398 1671; x_wconf 84' lang='lat' dir='ltr'><strong>cioribus,</strong></span> <span class='ocrx_word' id='word_1_79' title='bbox 420 1605 453 1659; x_wconf 89' lang='lat' dir='ltr'><strong>et</strong></span> <span class='ocrx_word' id='word_1_80' title='bbox 477 1592 682 1681; x_wconf 82' lang='lat' dir='ltr'><strong>propensiore</strong></span> <span class='ocrx_word' id='word_1_81' title='bbox 706 1590 1055 1707; x_wconf 49' lang='lat' dir='ltr'><strong>affectu&#39;fflligentibus</strong></span> <span class='ocrx_word' id='word_1_82' title='bbox 1077 1593 1195 1674; x_wconf 85' lang='lat' dir='ltr'><strong>virum,</strong></span> <span class='ocrx_word' id='word_1_83' title='bbox 1217 1590 1276 1660; x_wconf 86' lang='lat' dir='ltr'><strong>ali·</strong></span> 
     </span>
     <span class='ocr_line' id='line_1_13' title="bbox 246 1692 1336 1792; baseline 0 -24"><span class='ocrx_word' id='word_1_84' title='bbox 246 1702 375 1792; x_wconf 89' lang='lat' dir='ltr'><strong>quando</strong></span> <span class='ocrx_word' id='word_1_85' title='bbox 389 1702 531 1770; x_wconf 78' lang='lat' dir='ltr'><strong>fortassis</strong></span> <span class='ocrx_word' id='word_1_86' title='bbox 545 1703 609 1768; x_wconf 81' lang='lat' dir='ltr'><strong>tale</strong></span> <span class='ocrx_word' id='word_1_87' title='bbox 623 1702 745 1791; x_wconf 83' lang='lat' dir='ltr'><strong>aliquid</strong></span> <span class='ocrx_word' id='word_1_88' title='bbox 758 1692 926 1768; x_wconf 87' lang='lat' dir='ltr'><strong>audierint.</strong></span> <span class='ocrx_word' id='word_1_89' title='bbox 1334 1704 1336 1708; x_wconf 80' lang='grc'><strong>’</strong></span> 
     </span>
    </p>

    <p class='ocr_par' dir='ltr' id='par_1_4' title="bbox 240 1813 1284 4211">
     <span class='ocr_line' id='line_1_14' title="bbox 286 1813 1273 1902; baseline 0.006 -25"><span class='ocrx_word' id='word_1_90' title='bbox 286 1814 359 1878; x_wconf 87' lang='lat' dir='ltr'><strong>Nos</strong></span> <span class='ocrx_word' id='word_1_91' title='bbox 372 1824 478 1896; x_wconf 87' lang='lat' dir='ltr'><strong>tamen</strong></span> <span class='ocrx_word' id='word_1_92' title='bbox 491 1813 702 1900; x_wconf 86' lang='lat' dir='ltr'><strong>perspicimus</strong></span> <span class='ocrx_word' id='word_1_93' title='bbox 715 1813 897 1900; x_wconf 83' lang='lat' dir='ltr'><strong>frequenter</strong></span> <span class='ocrx_word' id='word_1_94' title='bbox 918 1833 957 1878; x_wconf 93' lang='lat' dir='ltr'><strong>ea</strong></span> <span class='ocrx_word' id='word_1_95' title='bbox 977 1830 1050 1902; x_wconf 77' lang='lat' dir='ltr'><strong>quae</strong></span> <span class='ocrx_word' id='word_1_96' title='bbox 1071 1813 1114 1880; x_wconf 88' lang='lat' dir='ltr'><strong>ab</strong></span> <span class='ocrx_word' id='word_1_97' title='bbox 1135 1836 1178 1882; x_wconf 91' lang='lat' dir='ltr'><strong>eo</strong></span> <span class='ocrx_word' id='word_1_98' title='bbox 1199 1837 1273 1882; x_wconf 90' lang='lat' dir='ltr'><strong>cum</strong></span> 
     </span>
     <span class='ocr_line' id='line_1_15' title="bbox 242 1912 1274 2008; baseline 0.007 -22"><span class='ocrx_word' id='word_1_99' title='bbox 242 1912 364 2008; x_wconf 81' lang='lat' dir='ltr'><strong>magno</strong></span> <span class='ocrx_word' id='word_1_100' title='bbox 377 1915 493 1987; x_wconf 87' lang='lat' dir='ltr'><strong>timore</strong></span> <span class='ocrx_word' id='word_1_101' title='bbox 505 1918 569 1988; x_wconf 91' lang='lat' dir='ltr'><strong>Dei</strong></span> <span class='ocrx_word' id='word_1_102' title='bbox 582 1933 616 1988; x_wconf 90' lang='lat' dir='ltr'><strong>et</strong></span> <span class='ocrx_word' id='word_1_103' title='bbox 629 1945 703 1988; x_wconf 91' lang='lat' dir='ltr'><strong>cum</strong></span> <span class='ocrx_word' id='word_1_104' title='bbox 718 1916 808 1987; x_wconf 90' lang='lat' dir='ltr'><strong>omni</strong></span> <span class='ocrx_word' id='word_1_105' title='bbox 822 1915 1004 1987; x_wconf 87' lang='lat' dir='ltr'><strong>humilitate</strong></span> <span class='ocrx_word' id='word_1_106' title='bbox 1016 1916 1181 2006; x_wconf 83' lang='lat' dir='ltr'><strong>dicuntur,</strong></span> <span class='ocrx_word' id='word_1_107' title='bbox 1199 1947 1274 1992; x_wconf 91' lang='lat' dir='ltr'><strong>cum</strong></span> 
     </span>
     <span class='ocr_line' id='line_1_16' title="bbox 243 2028 1277 2123; baseline 0.011 -31"><span class='ocrx_word' id='word_1_108' title='bbox 243 2028 366 2094; x_wconf 86' lang='lat' dir='ltr'><strong>veniam</strong></span> <span class='ocrx_word' id='word_1_109' title='bbox 379 2030 461 2116; x_wconf 88' lang='lat' dir='ltr'><strong>petit</strong></span> <span class='ocrx_word' id='word_1_110' title='bbox 473 2050 533 2118; x_wconf 88' lang='lat' dir='ltr'><strong>pro</strong></span> <span class='ocrx_word' id='word_1_111' title='bbox 545 2029 596 2094; x_wconf 90' lang='lat' dir='ltr'><strong>his</strong></span> <span class='ocrx_word' id='word_1_112' title='bbox 610 2052 683 2118; x_wconf 77' lang='lat' dir='ltr'><strong>quae</strong></span> <span class='ocrx_word' id='word_1_113' title='bbox 698 2052 755 2117; x_wconf 91' lang='lat' dir='ltr'><strong>per</strong></span> <span class='ocrx_word' id='word_1_114' title='bbox 767 2029 900 2096; x_wconf 89' lang='lat' dir='ltr'><strong>nimiam</strong></span> <span class='ocrx_word' id='word_1_115' title='bbox 913 2029 1160 2116; x_wconf 84' lang='lat' dir='ltr'><strong>discussionem,</strong></span> <span class='ocrx_word' id='word_1_116' title='bbox 1172 2047 1208 2103; x_wconf 85' lang='lat' dir='ltr'><strong>et</strong></span> <span class='ocrx_word' id='word_1_117' title='bbox 1220 2045 1277 2123; x_wconf 87' lang='lat' dir='ltr'><strong>per</strong></span> 
     </span>
     <span class='ocr_line' id='line_1_17' title="bbox 242 2137 1275 2229; baseline 0.006 -24"><span class='ocrx_word' id='word_1_118' title='bbox 242 2137 379 2205; x_wconf 91' lang='lat' dir='ltr'><strong>multam</strong></span> <span class='ocrx_word' id='word_1_119' title='bbox 394 2139 622 2205; x_wconf 85' lang='lat' dir='ltr'><strong>scrutationem</strong></span> <span class='ocrx_word' id='word_1_120' title='bbox 636 2140 873 2227; x_wconf 79' lang='lat' dir='ltr'><strong>scripturarum</strong></span> <span class='ocrx_word' id='word_1_121' title='bbox 888 2139 996 2206; x_wconf 82' lang='lat' dir='ltr'><strong>auimo</strong></span> <span class='ocrx_word' id='word_1_122' title='bbox 1010 2138 1205 2229; x_wconf 69' lang='lat' dir='ltr'><strong>disputantis</strong></span> <span class='ocrx_word' id='word_1_123' title='bbox 1219 2165 1275 2209; x_wconf 86' lang='lat' dir='ltr'><strong>oc·-</strong></span> 
     </span>
     <span class='ocr_line' id='line_1_18' title="bbox 244 2248 1276 2344; baseline 0.004 -28"><span class='ocrx_word' id='word_1_124' title='bbox 244 2261 393 2316; x_wconf 86' lang='lat' dir='ltr'><strong>currunt:</strong></span> <span class='ocrx_word' id='word_1_125' title='bbox 416 2271 488 2336; x_wconf 84' lang='lat' dir='ltr'><strong>quae</strong></span> <span class='ocrx_word' id='word_1_126' title='bbox 499 2272 575 2316; x_wconf 86' lang='lat' dir='ltr'><strong>curn</strong></span> <span class='ocrx_word' id='word_1_127' title='bbox 589 2249 730 2336; x_wconf 85' lang='lat' dir='ltr'><strong>exponit,</strong></span> <span class='ocrx_word' id='word_1_128' title='bbox 741 2248 923 2337; x_wconf 87' lang='lat' dir='ltr'><strong>frequenter</strong></span> <span class='ocrx_word' id='word_1_129' title='bbox 933 2250 1048 2316; x_wconf 87' lang='lat' dir='ltr'><strong>addere</strong></span> <span class='ocrx_word' id='word_1_130' title='bbox 1060 2253 1146 2344; x_wconf 86' lang='lat' dir='ltr'><strong>solet</strong></span> <span class='ocrx_word' id='word_1_131' title='bbox 1156 2265 1191 2319; x_wconf 88' lang='lat' dir='ltr'><strong>et</strong></span> <span class='ocrx_word' id='word_1_132' title='bbox 1201 2275 1276 2341; x_wconf 76' lang='lat' dir='ltr'><strong>pro</strong></span> 
     </span>
     <span class='ocr_line' id='line_1_19' title="bbox 245 2359 1284 2459; baseline 0.008 -35"><span class='ocrx_word' id='word_1_133' title='bbox 245 2359 339 2440; x_wconf 87' lang='lat' dir='ltr'><strong>fiteri,</strong></span> <span class='ocrx_word' id='word_1_134' title='bbox 352 2381 387 2424; x_wconf 89' lang='lat' dir='ltr'><strong>se</strong></span> <span class='ocrx_word' id='word_1_135' title='bbox 402 2382 465 2425; x_wconf 92' lang='lat' dir='ltr'><strong>non</strong></span> <span class='ocrx_word' id='word_1_136' title='bbox 487 2359 558 2424; x_wconf 87' lang='lat' dir='ltr'><strong>haec</strong></span> <span class='ocrx_word' id='word_1_137' title='bbox 579 2359 670 2446; x_wconf 87' lang='lat' dir='ltr'><strong>quasi</strong></span> <span class='ocrx_word' id='word_1_138' title='bbox 692 2359 853 2425; x_wconf 88' lang='lat' dir='ltr'><strong>definitiva</strong></span> <span class='ocrx_word' id='word_1_139' title='bbox 873 2361 1084 2448; x_wconf 87' lang='lat' dir='ltr'><strong>pronunciare</strong></span> <span class='ocrx_word' id='word_1_140' title='bbox 1105 2364 1284 2459; x_wconf 75' lang='lat' dir='ltr'><strong>sententia,</strong></span> 
     </span>
     <span class='ocr_line' id='line_1_20' title="bbox 248 2469 1276 2560; baseline 0.004 -23"><span class='ocrx_word' id='word_1_141' title='bbox 248 2493 308 2538; x_wconf 89' lang='lat' dir='ltr'><strong>nec</strong></span> <span class='ocrx_word' id='word_1_142' title='bbox 323 2482 444 2537; x_wconf 90' lang='lat' dir='ltr'><strong>statuto</strong></span> <span class='ocrx_word' id='word_1_143' title='bbox 458 2471 612 2558; x_wconf 82' lang='lat' dir='ltr'><strong>dogmate</strong></span> <span class='ocrx_word' id='word_1_144' title='bbox 628 2469 809 2550; x_wconf 88' lang='lat' dir='ltr'><strong>terminare,</strong></span> <span class='ocrx_word' id='word_1_145' title='bbox 822 2470 878 2534; x_wconf 90' lang='lat' dir='ltr'><strong>sed</strong></span> <span class='ocrx_word' id='word_1_146' title='bbox 892 2471 1049 2558; x_wconf 87' lang='lat' dir='ltr'><strong>inquirere</strong></span> <span class='ocrx_word' id='word_1_147' title='bbox 1067 2495 1129 2560; x_wconf 91' lang='lat' dir='ltr'><strong>pro</strong></span> <span class='ocrx_word' id='word_1_148' title='bbox 1148 2473 1276 2555; x_wconf 82' lang='lat' dir='ltr'><strong>viribus,</strong></span> 
     </span>
     <span class='ocr_line' id='line_1_21' title="bbox 244 2578 1276 2677; baseline 0.004 -29"><span class='ocrx_word' id='word_1_149' title='bbox 244 2593 279 2650; x_wconf 87' lang='lat' dir='ltr'><strong>et</strong></span> <span class='ocrx_word' id='word_1_150' title='bbox 306 2603 434 2648; x_wconf 91' lang='lat' dir='ltr'><strong>sensum</strong></span> <span class='ocrx_word' id='word_1_151' title='bbox 460 2581 621 2647; x_wconf 90' lang='lat' dir='ltr'><strong>discutere</strong></span> <span class='ocrx_word' id='word_1_152' title='bbox 646 2578 896 2667; x_wconf 86' lang='lat' dir='ltr'><strong>Scripturarum,</strong></span> <span class='ocrx_word' id='word_1_153' title='bbox 921 2602 980 2645; x_wconf 91' lang='lat' dir='ltr'><strong>nec</strong></span> <span class='ocrx_word' id='word_1_154' title='bbox 1003 2593 1112 2648; x_wconf 86' lang='lat' dir='ltr'><strong>tamen</strong></span> <span class='ocrx_word' id='word_1_155' title='bbox 1134 2584 1276 2677; x_wconf 83' lang='lat' dir='ltr'><strong>profiteri</strong></span> 
     </span>
     <span class='ocr_line' id='line_1_22' title="bbox 244 2689 1276 2783; baseline -0.002 -23"><span class='ocrx_word' id='word_1_156' title='bbox 244 2693 468 2783; x_wconf 83' lang='lat' dir='ltr'><strong>quodintegre</strong></span> <span class='ocrx_word' id='word_1_157' title='bbox 478 2692 683 2780; x_wconf 87' lang='lat' dir='ltr'><strong>perfecteque</strong></span> <span class='ocrx_word' id='word_1_158' title='bbox 693 2689 988 2777; x_wconf 62' lang='lat' dir='ltr'><strong>comprehenderim</strong></span> <span class='ocrx_word' id='word_1_159' title='bbox 1006 2691 1161 2780; x_wconf 87' lang='lat' dir='ltr'><strong>suspicari</strong></span> <span class='ocrx_word' id='word_1_160' title='bbox 1171 2694 1276 2782; x_wconf 77' lang='lat' dir='ltr'><strong>magii</strong></span> 
     </span>
     <span class='ocr_line' id='line_1_23' title="bbox 244 2803 1277 2894; baseline -0.001 -24"><span class='ocrx_word' id='word_1_161' title='bbox 244 2825 279 2870; x_wconf 88' lang='lat' dir='ltr'><strong>se</strong></span> <span class='ocrx_word' id='word_1_162' title='bbox 300 2804 341 2869; x_wconf 91' lang='lat' dir='ltr'><strong>de</strong></span> <span class='ocrx_word' id='word_1_163' title='bbox 359 2804 601 2894; x_wconf 87' lang='lat' dir='ltr'><strong>quamplurimis</strong></span> <span class='ocrx_word' id='word_1_164' title='bbox 622 2803 743 2883; x_wconf 90' lang='lat' dir='ltr'><strong>dicens,</strong></span> <span class='ocrx_word' id='word_1_165' title='bbox 763 2822 820 2865; x_wconf 91' lang='lat' dir='ltr'><strong>nec</strong></span> <span class='ocrx_word' id='word_1_166' title='bbox 840 2811 948 2865; x_wconf 83' lang='lat' dir='ltr'><strong>tamen</strong></span> <span class='ocrx_word' id='word_1_167' title='bbox 968 2811 1092 2866; x_wconf 90' lang='lat' dir='ltr'><strong>certum</strong></span> <span class='ocrx_word' id='word_1_168' title='bbox 1114 2823 1186 2868; x_wconf 85' lang='lat' dir='ltr'><strong>esse</strong></span> <span class='ocrx_word' id='word_1_169' title='bbox 1203 2803 1277 2891; x_wconf 72' lang='lat' dir='ltr'><strong>quie</strong></span> 
     </span>
     <span class='ocr_line' id='line_1_24' title="bbox 243 2908 1276 2997; baseline 0.002 -21"><span class='ocrx_word' id='word_1_170' title='bbox 243 2911 278 2976; x_wconf 95' lang='lat' dir='ltr'><strong>in</strong></span> <span class='ocrx_word' id='word_1_171' title='bbox 304 2910 453 2975; x_wconf 89' lang='lat' dir='ltr'><strong>omnibus</strong></span> <span class='ocrx_word' id='word_1_172' title='bbox 475 2909 564 2997; x_wconf 92' lang='lat' dir='ltr'><strong>quod</strong></span> <span class='ocrx_word' id='word_1_173' title='bbox 588 2911 837 2996; x_wconf 79' lang='lat' dir='ltr'><strong>perfectum&#39;est</strong></span> <span class='ocrx_word' id='word_1_174' title='bbox 864 2920 897 2974; x_wconf 89' lang='lat' dir='ltr'><strong>et</strong></span> <span class='ocrx_word' id='word_1_175' title='bbox 922 2908 1084 2996; x_wconf 87' lang='lat' dir='ltr'><strong>integrum</strong></span> <span class='ocrx_word' id='word_1_176' title='bbox 1110 2924 1276 2978; x_wconf 86' lang='lat' dir='ltr'><strong>assecutus</strong></span> 
     </span>
     <span class='ocr_line' id='line_1_25' title="bbox 246 3016 1276 3104; baseline 0.004 -20"><span class='ocrx_word' id='word_1_177' title='bbox 246 3019 300 3085; x_wconf 91' lang='lat' dir='ltr'><strong>sit.</strong></span> <span class='ocrx_word' id='word_1_178' title='bbox 343 3017 408 3084; x_wconf 86' lang='lat' dir='ltr'><strong>Sed</strong></span> <span class='ocrx_word' id='word_1_179' title='bbox 429 3029 463 3082; x_wconf 84' lang='lat' dir='ltr'><strong>et</strong></span> <span class='ocrx_word' id='word_1_180' title='bbox 482 3039 708 3104; x_wconf 86' lang='lat' dir='ltr'><strong>nonnunquam</strong></span> <span class='ocrx_word' id='word_1_181' title='bbox 728 3016 904 3083; x_wconf 84' lang='lat' dir='ltr'><strong>invenimus</strong></span> <span class='ocrx_word' id='word_1_182' title='bbox 922 3040 997 3083; x_wconf 89' lang='lat' dir='ltr'><strong>eum</strong></span> <span class='ocrx_word' id='word_1_183' title='bbox 1017 3017 1057 3084; x_wconf 91' lang='lat' dir='ltr'><strong>de</strong></span> <span class='ocrx_word' id='word_1_184' title='bbox 1075 3019 1189 3087; x_wconf 85' lang='lat' dir='ltr'><strong>multis</strong></span> <span class='ocrx_word' id='word_1_185' title='bbox 1209 3021 1276 3088; x_wconf 80' lang='lat' dir='ltr'><strong>hae·</strong></span> 
     </span>
     <span class='ocr_line' id='line_1_26' title="bbox 245 3127 1276 3218; baseline 0.002 -22"><span class='ocrx_word' id='word_1_186' title='bbox 245 3149 316 3197; x_wconf 89' lang='lat' dir='ltr'><strong>rere</strong></span> <span class='ocrx_word' id='word_1_187' title='bbox 330 3149 364 3194; x_wconf 92' lang='lat' dir='ltr'><strong>se</strong></span> <span class='ocrx_word' id='word_1_188' title='bbox 377 3128 596 3217; x_wconf 87' lang='lat' dir='ltr'><strong>profitentem,</strong></span> <span class='ocrx_word' id='word_1_189' title='bbox 609 3128 642 3192; x_wconf 95' lang='lat' dir='ltr'><strong>in</strong></span> <span class='ocrx_word' id='word_1_190' title='bbox 658 3127 775 3214; x_wconf 90' lang='lat' dir='ltr'><strong>quibus</strong></span> <span class='ocrx_word' id='word_1_191' title='bbox 789 3149 828 3193; x_wconf 86' lang='lat' dir='ltr'><strong>ea</strong></span> <span class='ocrx_word' id='word_1_192' title='bbox 846 3128 975 3214; x_wconf 85' lang='lat' dir='ltr'><strong>quidem</strong></span> <span class='ocrx_word' id='word_1_193' title='bbox 996 3151 1070 3217; x_wconf 86' lang='lat' dir='ltr'><strong>quae</strong></span> <span class='ocrx_word' id='word_1_194' title='bbox 1090 3129 1125 3194; x_wconf 89' lang='lat' dir='ltr'><strong>iu</strong></span> <span class='ocrx_word' id='word_1_195' title='bbox 1146 3131 1276 3218; x_wconf 71' lang='lat' dir='ltr'><strong>questi·</strong></span> 
     </span>
     <span class='ocr_line' id='line_1_27' title="bbox 246 3239 1275 3319; baseline -0.001 -10"><span class='ocrx_word' id='word_1_196' title='bbox 246 3263 343 3309; x_wconf 92' lang='lat' dir='ltr'><strong>onem</strong></span> <span class='ocrx_word' id='word_1_197' title='bbox 357 3240 488 3307; x_wconf 91' lang='lat' dir='ltr'><strong>veniunt</strong></span> <span class='ocrx_word' id='word_1_198' title='bbox 501 3251 620 3319; x_wconf 90' lang='lat' dir='ltr'><strong>movet,</strong></span> <span class='ocrx_word' id='word_1_199' title='bbox 639 3260 698 3304; x_wconf 94' lang='lat' dir='ltr'><strong>nec</strong></span> <span class='ocrx_word' id='word_1_200' title='bbox 716 3251 824 3304; x_wconf 86' lang='lat' dir='ltr'><strong>tamen</strong></span> <span class='ocrx_word' id='word_1_201' title='bbox 844 3260 956 3304; x_wconf 88' lang='lat' dir='ltr'><strong>eorum</strong></span> <span class='ocrx_word' id='word_1_202' title='bbox 978 3239 1199 3307; x_wconf 89' lang='lat' dir='ltr'><strong>absolutiones</strong></span> <span class='ocrx_word' id='word_1_203' title='bbox 1219 3241 1275 3307; x_wconf 87' lang='lat' dir='ltr'><strong>ad·</strong></span> 
     </span>
     <span class='ocr_line' id='line_1_28' title="bbox 240 3346 1276 3442; baseline -0.001 -23"><span class='ocrx_word' id='word_1_204' title='bbox 240 3352 364 3442; x_wconf 84' lang='lat' dir='ltr'><strong>jungit,</strong></span> <span class='ocrx_word' id='word_1_205' title='bbox 381 3352 439 3418; x_wconf 90' lang='lat' dir='ltr'><strong>sed</strong></span> <span class='ocrx_word' id='word_1_206' title='bbox 453 3373 528 3417; x_wconf 91' lang='lat' dir='ltr'><strong>cum</strong></span> <span class='ocrx_word' id='word_1_207' title='bbox 542 3350 632 3416; x_wconf 91' lang='lat' dir='ltr'><strong>omni</strong></span> <span class='ocrx_word' id='word_1_208' title='bbox 646 3346 828 3415; x_wconf 87' lang='lat' dir='ltr'><strong>humilitate</strong></span> <span class='ocrx_word' id='word_1_209' title='bbox 841 3359 875 3413; x_wconf 91' lang='lat' dir='ltr'><strong>et</strong></span> <span class='ocrx_word' id='word_1_210' title='bbox 888 3347 1019 3414; x_wconf 84' lang='lat' dir='ltr'><strong>veritate</strong></span> <span class='ocrx_word' id='word_1_211' title='bbox 1036 3369 1100 3414; x_wconf 90' lang='lat' dir='ltr'><strong>non</strong></span> <span class='ocrx_word' id='word_1_212' title='bbox 1117 3349 1276 3418; x_wconf 85' lang='lat' dir='ltr'><strong>erubescit</strong></span> 
     </span>
     <span class='ocr_line' id='line_1_29' title="bbox 245 3457 1276 3548; baseline -0.003 -18"><span class='ocrx_word' id='word_1_213' title='bbox 245 3464 338 3530; x_wconf 85' lang='lat' dir='ltr'><strong>fateri</strong></span> <span class='ocrx_word' id='word_1_214' title='bbox 352 3463 422 3528; x_wconf 87' lang='lat' dir='ltr'><strong>haec</strong></span> <span class='ocrx_word' id='word_1_215' title='bbox 435 3461 496 3527; x_wconf 90' lang='lat' dir='ltr'><strong>sibi</strong></span> <span class='ocrx_word' id='word_1_216' title='bbox 510 3481 574 3526; x_wconf 94' lang='lat' dir='ltr'><strong>non</strong></span> <span class='ocrx_word' id='word_1_217' title='bbox 588 3461 720 3548; x_wconf 88' lang='lat' dir='ltr'><strong>liquere.</strong></span> <span class='ocrx_word' id='word_1_218' title='bbox 763 3457 956 3524; x_wconf 84' lang='lat' dir='ltr'><strong>Audivimus</strong></span> <span class='ocrx_word' id='word_1_219' title='bbox 970 3458 1068 3523; x_wconf 88' lang='lat' dir='ltr'><strong>etiam</strong></span> <span class='ocrx_word' id='word_1_220' title='bbox 1082 3457 1165 3526; x_wconf 91' lang='lat' dir='ltr'><strong>illud</strong></span> <span class='ocrx_word' id='word_1_221' title='bbox 1179 3460 1223 3525; x_wconf 85' lang='lat' dir='ltr'><strong>ab</strong></span> <span class='ocrx_word' id='word_1_222' title='bbox 1237 3481 1276 3527; x_wconf 89' lang='lat' dir='ltr'><strong>eo</strong></span> 
     </span>
     <span class='ocr_line' id='line_1_30' title="bbox 245 3566 1276 3662; baseline -0.005 -23"><span class='ocrx_word' id='word_1_223' title='bbox 245 3574 428 3662; x_wconf 82' lang='lat' dir='ltr'><strong>frequenter</strong></span> <span class='ocrx_word' id='word_1_224' title='bbox 441 3571 550 3650; x_wconf 84' lang='lat' dir='ltr'><strong>intexi,</strong></span> <span class='ocrx_word' id='word_1_225' title='bbox 566 3569 654 3659; x_wconf 91' lang='lat' dir='ltr'><strong>quod</strong></span> <span class='ocrx_word' id='word_1_226' title='bbox 668 3567 765 3634; x_wconf 88' lang='lat' dir='ltr'><strong>hodie</strong></span> <span class='ocrx_word' id='word_1_227' title='bbox 779 3588 821 3633; x_wconf 90' lang='lat' dir='ltr'><strong>ne</strong></span> <span class='ocrx_word' id='word_1_228' title='bbox 838 3566 891 3633; x_wconf 85' lang='lat' dir='ltr'><strong>isti</strong></span> <span class='ocrx_word' id='word_1_229' title='bbox 912 3566 1041 3655; x_wconf 90' lang='lat' dir='ltr'><strong>quidem</strong></span> <span class='ocrx_word' id='word_1_230' title='bbox 1060 3567 1124 3654; x_wconf 90' lang='lat' dir='ltr'><strong>ipsi</strong></span> <span class='ocrx_word' id='word_1_231' title='bbox 1144 3568 1276 3657; x_wconf 90' lang='lat' dir='ltr'><strong>imperi·</strong></span> 
     </span>
     <span class='ocr_line' id='line_1_31' title="bbox 244 3675 1278 3766; baseline -0.005 -17"><span class='ocrx_word' id='word_1_232' title='bbox 244 3682 361 3749; x_wconf 89' lang='lat' dir='ltr'><strong>tissimi</strong></span> <span class='ocrx_word' id='word_1_233' title='bbox 378 3682 523 3749; x_wconf 90' lang='lat' dir='ltr'><strong>omnium</strong></span> <span class='ocrx_word' id='word_1_234' title='bbox 541 3682 772 3746; x_wconf 89' lang='lat' dir='ltr'><strong>obtrectatores</strong></span> <span class='ocrx_word' id='word_1_235' title='bbox 782 3675 852 3766; x_wconf 88' lang='lat' dir='ltr'><strong>ejus</strong></span> <span class='ocrx_word' id='word_1_236' title='bbox 863 3676 969 3742; x_wconf 86' lang='lat' dir='ltr'><strong>dicere</strong></span> <span class='ocrx_word' id='word_1_237' title='bbox 981 3676 994 3718; x_wconf 69' lang='lat' dir='ltr'>f</span> <span class='ocrx_word' id='word_1_238' title='bbox 1002 3676 1231 3764; x_wconf 70' lang='lat' dir='ltr'><strong>dedignamur,</strong></span> <span class='ocrx_word' id='word_1_239' title='bbox 1241 3691 1278 3746; x_wconf 89' lang='lat' dir='ltr'><strong>ut</strong></span> 
     </span>
     <span class='ocr_line' id='line_1_32' title="bbox 246 3769 1278 3880; baseline -0.004 -22"><span class='ocrx_word' id='word_1_240' title='bbox 246 3769 1278 3880; x_wconf 45' lang='lat' dir='ltr'><strong>smfflmmmmffiwmfflmm</strong></span> 
     </span>
     <span class='ocr_line' id='line_1_33' title="bbox 246 3896 1276 3992; baseline -0.004 -23"><span class='ocrx_word' id='word_1_241' title='bbox 246 3903 438 3992; x_wconf 83' lang='lat' dir='ltr'><strong>exposuerit,</strong></span> <span class='ocrx_word' id='word_1_242' title='bbox 452 3901 499 3967; x_wconf 94' lang='lat' dir='ltr'><strong>illi</strong></span> <span class='ocrx_word' id='word_1_243' title='bbox 515 3899 624 3990; x_wconf 91' lang='lat' dir='ltr'><strong>potius</strong></span> <span class='ocrx_word' id='word_1_244' title='bbox 642 3898 698 3985; x_wconf 91' lang='lat' dir='ltr'><strong>qui</strong></span> <span class='ocrx_word' id='word_1_245' title='bbox 717 3896 834 3963; x_wconf 82' lang='lat' dir='ltr'><strong>rectius</strong></span> <span class='ocrx_word' id='word_1_246' title='bbox 853 3896 979 3976; x_wconf 84' lang='lat' dir='ltr'><strong>dixerit,</strong></span> <span class='ocrx_word' id='word_1_247' title='bbox 993 3918 1089 3984; x_wconf 87' lang='lat' dir='ltr'><strong>quarn</strong></span> <span class='ocrx_word' id='word_1_248' title='bbox 1110 3896 1173 3975; x_wconf 85' lang='lat' dir='ltr'><strong>sibi</strong></span> <span class='ocrx_word' id='word_1_249' title='bbox 1192 3911 1276 3965; x_wconf 80' lang='lat' dir='ltr'><strong>esset</strong></span> 
     </span>
     <span class='ocr_line' id='line_1_34' title="bbox 246 4005 1275 4093; baseline -0.007 -13"><span class='ocrx_word' id='word_1_250' title='bbox 246 4009 502 4080; x_wconf 80' lang='lat' dir='ltr'><strong>auscultandum.</strong></span> <span class='ocrx_word' id='word_1_251' title='bbox 545 4011 702 4075; x_wconf 85' lang='lat' dir='ltr'><strong>Praeterea</strong></span> <span class='ocrx_word' id='word_1_252' title='bbox 712 4005 1014 4093; x_wconf 89' lang='lat' dir='ltr'><strong>comprehendimus</strong></span> <span class='ocrx_word' id='word_1_253' title='bbox 1026 4027 1103 4080; x_wconf 87' lang='lat' dir='ltr'><strong>eum</strong></span> <span class='ocrx_word' id='word_1_254' title='bbox 1126 4027 1275 4081; x_wconf 83' lang='lat' dir='ltr'><strong>nonuun-</strong></span> 
     </span>
     <span class='ocr_line' id='line_1_35' title="bbox 247 4113 1275 4211; baseline -0.008 -23"><span class='ocrx_word' id='word_1_255' title='bbox 247 4141 345 4211; x_wconf 90' lang='lat' dir='ltr'><strong>quam</strong></span> <span class='ocrx_word' id='word_1_256' title='bbox 369 4120 505 4189; x_wconf 87' lang='lat' dir='ltr'><strong>dirersas</strong></span> <span class='ocrx_word' id='word_1_257' title='bbox 530 4115 744 4207; x_wconf 66' lang='lat' dir='ltr'><strong>espositiones</strong></span> <span class='ocrx_word' id='word_1_258' title='bbox 769 4113 913 4203; x_wconf 90' lang='lat' dir='ltr'><strong>ejusdem</strong></span> <span class='ocrx_word' id='word_1_259' title='bbox 937 4113 1071 4204; x_wconf 87' lang='lat' dir='ltr'><strong>capituli</strong></span> <span class='ocrx_word' id='word_1_260' title='bbox 1094 4115 1205 4184; x_wconf 82' lang='lat' dir='ltr'><strong>iaeere</strong></span> <span class='ocrx_word' id='word_1_261' title='bbox 1211 4139 1223 4197; x_wconf 83' lang='lat'>3</span> <span class='ocrx_word' id='word_1_262' title='bbox 1243 4128 1275 4180; x_wconf 88' lang='lat' dir='ltr'><strong>et</strong></span> 
     </span>
    </p>
   </div>
   <div class='ocr_carea' id='block_1_3' title="bbox 598 4258 923 4326">
    <p class='ocr_par' dir='ltr' id='par_1_5' title="bbox 598 4258 923 4326">
     <span class='ocr_line' id='line_1_36' title="bbox 598 4258 923 4326; baseline -0.012 -14"><span class='ocrx_word' id='word_1_263' title='bbox 598 4258 923 4326; x_wconf 54' lang='lat' dir='ltr'><strong>suspersam...</strong></span> 
     </span>
    </p>
   </div>
   <div class='ocr_carea' id='block_1_4' title="bbox 0 0 1349 4740">
    <p class='ocr_par' dir='ltr' id='par_1_6' title="bbox 0 0 1349 4740">
     <span class='ocr_line' id='line_1_37' title="bbox 0 0 1349 4740; baseline 0 0"><span class='ocrx_word' id='word_1_264' title='bbox 0 0 1349 4740; x_wconf 95' lang='lat' dir='ltr'><strong> </strong></span> 
     </span>
    </p>
   </div>
  </div>
 </body>
</html>
