2684 4740
141 312 387 381 ARCHELAI
408 315 465 379 ET
482 314 689 379 MANETIS
711 311 1000 380 DISPUTATIO.
1037 331 1099 397 209

59 484 212 570 operibus
231 483 317 564 suis;
339 506 403 548 non
423 483 508 562 dico,
524 483 599 570 quia
614 483 836 568 mrequieverit
855 484 1020 568 fatigatus,
1039 481 1097 545 sed

60 593 214 678 quonism
240 593 283 658 sd
296 593 482 678 'perfectum
506 591 682 656 adduxerat
708 614 850 670 omnem,
873 614 969 678 quam
993 592 1098 655 lacere

59 700 275 787 disposuerat,
297 714 498 766 creaturam:
522 702 662 787 denique
687 701 742 779 ait,
760 700 875 765 ⁸Poter
894 715 979 764 mera
1000 719 1097 784 usque

60 810 147 874 modo
164 822 320 896 operatur,
336 820 367 875 et
385 833 438 896 ego
455 825 569 894 operor.
612 810 856 896 Numquidnam
874 804 990 874 caelum
1007 808 1097 886 facit,

55 931 114 983 aut
129 919 244 997 solem,
262 929 318 983 aut
340 918 514 997 hominem,
535 930 591 982 aut
609 919 768 999 animalia,
791 931 847 982 ant
867 919 1016 1003 virgulta,
1040 931 1097 982 aut

54 1027 123 1095 tale
143 1026 289 1113 aliquid?
335 1026 399 1090 Sed
413 1026 462 1090 his
484 1026 614 1112 quidem
633 1027 809 1092 visibilibus
827 1026 988 1112 perfectis,
1005 1048 1025 1089 a
1038 1025 1097 1089 tali

48 1156 158 1220 opere
171 1135 354 1221 conquievit
362 1160 371 1212 ς
396 1134 589 1198 ninvisibilia
602 1149 723 1216 autem,
739 1149 772 1199 et
786 1135 977 1199 intrinsecus
992 1154 1097 1220 usque

45 1244 162 1308 modo
191 1265 337 1330 operare,
368 1244 478 1309 sulvat.
525 1244 575 1307 lta
608 1265 689 1330 ergo
716 1245 814 1308 etiam
842 1263 1097 1329 unumquenque

48 1366 220 1431 nostrum,
242 1353 326 1417 sicut
345 1351 414 1437 ipse
432 1353 524 1416 Deus
545 1365 606 1430 est,
623 1351 838 1417 indesinenter
853 1350 929 1415 h'uic
946 1351 1036 1436 operi
1051 1350 1099 1414 le·

42 1461 197 1547 gislator
210 1463 278 1527 vult
289 1483 360 1526 esse
374 1461 554 1526 devinctum
570 1485 577 1524 :
599 1484 618 1525 a
633 1461 828 1525 secularibus
838 1460 935 1546 jubet
950 1458 1098 1545 protinus

46 1569 300 1657 conquiescere,
321 1584 354 1635 et
374 1571 505 1634 omnino
524 1570 649 1634 nullum
665 1591 746 1654 opus
761 1590 873 1654 gerere
888 1566 1100 1646 mundanum,

48 1692 93 1743 et
117 1677 183 1742 hoc
204 1679 381 1764 appellatur
401 1679 582 1743 sabbatum.
618 1678 757 1742 Addidit
777 1677 873 1740 etism
889 1676 952 1740 hoc
966 1676 1000 1739 in
1014 1676 1100 1762 lege,

40 1787 141 1852 -nihil
153 1787 352 1852 ⁰absurdum
369 1787 435 1851 fieri
449 1785 577 1865 debere,
594 1786 651 1850 sed
665 1786 831 1872 observare
840 1806 910 1863 nos,
921 1797 954 1847 et
963 1782 1101 1870 dirigere

47 1897 160 1961 uitam
176 1908 319 1961 nostram
333 1918 373 1960 ex
388 1917 482 1981 aequo
498 1896 642 1981 etjusto.
686 1897 730 1958 Et
745 1894 934 1958 imminebat
949 1894 1020 1958 haeo
1034 1893 1099 1974 lex,

60 2005 217 2069 acerrime
236 2003 445 2069 maledictum
460 2003 596 2068 inferens
611 2004 672 2081 his,
689 2005 745 2089 qui
759 2025 831 2067 eam
846 2004 982 2069 fuissent
998 2014 1101 2068 trans·

58 2112 184 2196 gressi3
207 2113 431 2198 sedquoniam
447 2112 594 2176 homines
609 2125 698 2176 erant
713 2125 746 2176 et
761 2112 821 2192 illi,
840 2125 874 2176 et
895 2113 979 2177 sicut
1000 2113 1099 2177 etiam

63 2220 158 2285 nobis
177 2221 358 2307 frequenter
375 2221 503 2300 accidit,
517 2223 740 2287 controversiae
761 2222 958 2300 oriebantur,
972 2234 1006 2287 et
1019 2223 1101 2286 irro-

54 2329 225 2414 gabantur
238 2328 374 2415 injuriae,
385 2342 418 2393 et
431 2328 484 2392 lex
499 2329 607 2393 statim
623 2329 891 2394 districtissimum
906 2331 1099 2410 Pultionem,

62 2458 160 2524 quam
175 2438 305 2516 fecerat,
316 2438 533 2523 retorquebat,
548 2437 592 2502 ita
607 2450 644 2501 ut
660 2438 687 2502 si
700 2439 771 2523 quis
785 2460 965 2524 pauperum
980 2439 1101 2505 voluis-

65 2547 159 2611 setin
175 2547 311 2610 sabbato
326 2547 444 2610 fascem
459 2545 541 2632 ligni
556 2546 720 2632 colligere,
740 2548 800 2611 snb
823 2536 996 2610 maledicto
1018 2547 1100 2633 legis

64 2651 210 2734 effectus,
231 2655 328 2719 morti
347 2655 501 2719 continno
516 2655 744 2741 subjiceretur:
766 2657 1007 2721 ⁹Arctabantur
1021 2679 1100 2744 ergo

63 2765 228 2830 coertione
239 2763 320 2849 legis
331 2761 489 2841 homines,
500 2763 555 2848 qui
567 2785 642 2827 cum
651 2765 816 2851 AEgyptiis
826 2766 951 2831 fuerant
961 2767 1102 2849 educati,

67 2894 122 2938 nec
136 2886 287 2960 poterant
302 2893 413 2957 poenas
428 2870 523 2956 legis,
538 2884 571 2935 et
585 2871 755 2937 maledicta
770 2874 916 2939 tolerare.
962 2877 1102 2942 Rursum

65 2995 173 3047 autem
189 2982 253 3061 ille,
269 2980 326 3067 qui
340 3003 466 3066 semper
481 2982 618 3047 salvator
632 2978 799 3061 est,‚'Jesus
814 2985 976 3050 Dominus
992 3001 1102 3051 noster
1130 3015 1132 3023 ·

64 3090 245 3171 adveniens,
260 3090 405 3156 liberavit
420 3112 476 3154 eos
491 3111 530 3155 ex
546 3091 772 3177 hujuscemodi
793 3094 988 3158 cruciatibus
1006 3096 1100 3182 legis,

94 3254 118 3283 ω
134 3246 165 3293 ln
177 3245 302 3294 casinensi
318 3254 364 3302 est,
380 3245 455 3309 requie
472 3245 616 3310 requieverit,
632 3249 674 3295 sed
691 3262 719 3294 eu
735 3248 806 3302 lectio
822 3247 891 3296 nobis
907 3249 958 3295 visa
974 3257 1010 3295 est
1026 3249 1101 3298 unius

65 3323 224 3384 ejusdemque
234 3325 300 3371 vocis
311 3325 418 3385 repetitio
429 3325 476 3371 nisi
487 3325 567 3385 potius
578 3327 717 3386 graecismus
729 3329 769 3374 sit.

94 3407 108 3454 Ρ
125 3405 264 3453 casinensis
273 3404 356 3460 habet,
374 3403 485 3450 invisibili
496 3415 569 3451 aurem
580 3416 602 3452 er
612 3405 724 3452 trinsecus.
758 3408 805 3454 Sed
815 3405 947 3467 legendum
957 3407 1062 3464 ridetur,
1073 3419 1102 3457 ut

63 3486 159 3534 editum
169 3495 215 3542 est,
227 3485 265 3532 vel
277 3483 404 3531 invisibilia
415 3493 488 3531 autem
499 3485 643 3540 intrinsecus„
660 3487 727 3533 Deus
739 3489 806 3534 enim
818 3497 846 3533 ut
856 3486 935 3547 inquit
945 3487 977 3532 D.
987 3490 1102 3548 Augusti·

63 3583 112 3617 nus
122 3568 150 3617 in
159 3566 223 3616 libro
232 3567 263 3614 de
271 3566 354 3613 Gratis
364 3565 452 3613 Christi
461 3580 514 3627 cap.
524 3577 563 3614 oo.
574 3581 625 3613 non
633 3566 685 3626 lege
696 3577 769 3627 atque
778 3568 886 3616 doctrina
893 3567 1019 3615 insonante
1026 3568 1103 3619 forin-

62 3663 151 3708 secus3
167 3649 210 3696 sed
220 3649 316 3695 interna
326 3655 399 3707 atque
414 3645 510 3694 occulta
526 3647 630 3695 mirabili
645 3648 801 3696 acineffabili
817 3657 933 3710 potestate
948 3659 1060 3711 operatur
1076 3653 1103 3700 in

62 3731 179 3782 cordibus
187 3730 321 3778 hominurn
333 3743 384 3776 non
394 3728 475 3777 solum
486 3743 553 3777 verus
568 3729 734 3787 revelationes,
750 3731 791 3778 sed
807 3731 881 3777 etiam
898 3730 973 3778 bonas
990 3731 1103 3782 volunta·

60 3821 107 3862 tes.
139 3810 236 3859 Similia
247 3809 354 3857 inculcat
364 3818 418 3856 tum
430 3809 455 3856 in
466 3811 545 3870 capite
555 3811 650 3859 decimo
661 3811 729 3858 tertio
745 3809 855 3870 ejusdem
870 3812 957 3872 operis,
972 3821 1027 3881 tum
1044 3814 1103 3864 alibi

61 3893 168 3957 possim.
842 3903 844 3906 ⁴

93 3978 108 4005 ⁰
123 3971 246 4038 (Ἄγκον,
249 3970 410 4035 facinorosum,
413 3969 565 4034 flagitiorum,
577 3970 703 4019 absurdum.
730 3971 824 4021 Glossae
833 3969 897 4033 Vct.)

62 4067 69 4074 ·
92 4057 108 4096 Ρ
126 4052 157 4100 ln
168 4052 292 4101 casinensi
302 4051 394 4109 codice,
404 4049 506 4097 ultionem
508 4051 601 4114 fecem
607 4051 752 4116 retorquebar.
768 4051 816 4100 Sed
826 4052 959 4099 necessaris
966 4053 1017 4100 risa
1025 4062 1104 4102 estre·

56 4133 129 4182 lutiri
139 4130 237 4180 articuli
244 4129 344 4188 additio,
355 4143 387 4176 ne
394 4128 539 4179 sensusulla
548 4137 653 4192 exparte
662 4138 767 4178 nutaret.
785 4129 941 4193 (Amferem
952 4130 1073 4196 retorqueri
1078 4127 1103 4192 i)

276 4211 288 4246 ⁸
304 4221 376 4278 lota.
388 4232 412 4268 r.
425 4225 464 4273 17.
695 4219 708 4256 ⁹
724 4218 803 4269 Num.
815 4233 857 4268 xr·
869 4227 910 4269 aa.

111 4302 204 4352 VOL·
221 4301 277 4350 IV·
616 4301 635 4344 Ρ
