2684 4740
236 242 788 380 INFRlGMENT.1NcsRT1
812 303 1084 376 SCRIPTORIS.
1144 325 1181 375 11

144 483 257 571 Pergit
274 480 482 549 Freindsller.
502 463 659 564 sd‘§.·l³.
680 477 728 544 ita
748 478 898 560 scribere,
958 491 1087 581 utquam
1109 501 1184 547 mon

142 571 211 636 nuit
223 569 361 652 in.§.xi.
378 566 496 632 Qum
514 566 601 631 bunc
619 564 893 630 consentientibus
939 565 1038 630 alesso
1053 578 1088 631 et
1102 566 1183 632 Rui-

142 667 236 727 narto
253 675 331 719 eum
352 673 434 732 esse,
451 652 492 717 de
511 672 578 738 quo
598 650 640 716 ad
659 650 782 715 calcem
796 651 948 715 Actorum
964 649 997 716 S.
1016 649 1075 716 Pol
1096 649 1185 737 carpi

142 740 275 827 legitur,
289 731 376 804 Acta
399 738 467 802 taec
491 736 585 803 Cuius
608 735 769 822 descripsit
791 759 808 800 a
828 735 1048 836 manuscriptis
1103 736 1185 802 enoei

142 824 202 890 Pol
225 822 314 910 coepi
338 821 496 908 discipali,
520 823 570 886 cui
594 843 713 886 coaevras
728 820 802 906 fuit
812 845 826 900 ,-
856 835 954 910 atque
976 819 1096 887 idcirco
1118 844 1183 888 non

142 932 160 976 c
217 909 340 975 endum
354 930 436 989 esse,
451 907 553 973 virum
570 929 646 972 cum
666 909 790 972 lrenaeo
804 906 861 971 diu
876 917 1036 971 versatum
1050 907 1184 994 Apoca-

142 992 251 1084 lypsin
276 992 411 1060 Joannis
436 992 577 1080 apostoli
601 990 856 1078 contempsisset
889 999 912 1031 “
924 991 1024 1078 Quod
1053 993 1080 1058 si
1110 1014 1183 1058 mo·

143 1085 166 1122 “
179 1079 326 1158 menta,''
344 1077 449 1164 inquit
467 1078 534 1158 ille,
554 1085 579 1118 “
593 1088 813 1164 suppeterent,
832 1076 919 1141 unde
940 1076 1044 1143 securi
1065 1076 1186 1145 videre·

145 1170 167 1215 tt
180 1187 267 1242 mur,
283 1163 442 1264 pertinere
463 1161 527 1228 hoc
548 1163 595 1227 fra
621 1176 765 1226 mentum
788 1161 830 1226 ad
851 1161 986 1227 eandem
1009 1184 1085 1228 cum
1109 1164 1186 1228 Pro·

145 1254 166 1291 ‘⁴
179 1249 234 1315 clo
248 1249 526 1335 Disputationcm,
539 1270 582 1312 un
607 1269 626 1311 e
645 1269 740 1312 suum
761 1259 928 1313 mutuatus
946 1259 996 1313 est
1015 1248 1186 1329 Eusebius,

146 1341 167 1375 ‘⁴
180 1333 336 1422 quodque
361 1333 432 1399 Caii
457 1354 528 1398 esse
554 1355 619 1397 non
644 1332 837 1418 disputatur,
864 1346 934 1398 turn
961 1334 1109 1419 profecto
1133 1332 1186 1398 ha

148 1425 167 1481 ⁸⁶.
181 1434 303 1484 nostrae
318 1440 377 1505 pro
390 1417 507 1483 eodem
525 1417 671 1482 vindiciae
690 1438 792 1568 nappe
812 1417 853 1482 ad
875 1419 1074 1505 exploratam
1093 1419 1186 1519 peni-

148 1511 168 1544 “
182 1519 236 1570 tus
249 1518 455 1589 assurgerent
467 1503 706 1568 certitudinem.
778 1517 940 1569 emoratus
954 1503 1085 1591 quidem
1100 1527 1110 1568 s
1134 1525 1187 1569 se⁴

148 1595 250 1655 “met
279 1588 354 1654 loco
379 1589 480 1654 citato
507 1589 709 1654 Muratorius
735 1589 893 1654 faventem
921 1587 1081 1689 quandam
1109 1526 1186 1656 buis

147 1682 168 1717 “
180 1675 349 1740 sententiae
368 1674 525 1739 rationem
541 1674 611 1761 jam
626 1672 772 1760 protulit,
788 1674 864 1738 dum
880 1695 920 1738 ex
934 1672 1114 1761 impudenti
1128 1674 1187 1739 ad·

148 1760 393 1825 “versariorum
416 1758 449 1822 in
469 1758 688 1907 supponendis
709 1758 799 1824 novis
821 1758 986 1845 scripturis
1006 1759 1187 1826 temeritate

149 1851 169 1886 “
184 1867 295 1911 ansam
310 1846 372 1909 arri
396 1845 481 1910 uisse
528 1845 628 1923 aium,
640 1842 784 1931 conjicit,
797 1843 838 1908 de
850 1844 1006 1910 librorum
1020 1847 1066 1910 N.
1079 1847 1115 1911 F.
1132 1867 1188 1910 ca·

148 1937 169 1973 “
184 1952 282 2009 none,
293 1951 359 2016 quo
395 1930 429 1994 in
442 1931 626 2016 fragmento
639 1930 684 2007 fit,
696 1929 825 2029 agendi.
850 1928 914 1994 Cui
925 1930 1188 1996 commodissime

149 2016 217 2082 “id
239 2035 372 2103 quoque
389 2013 486 2101 adjici
505 2015 636 2100 poterit,
655 2014 703 2078 vel
725 2037 758 2078 m
780 2013 964 2100 fragmento
982 2017 1064 2116 ipso,
1085 2016 1189 2102 quo'd·
1287 2077 1290 2081 .

149 2107 170 2142 “
183 2101 260 2166 dam
276 2111 446 2165 contextus
460 2120 535 2164 cum
551 2099 769 2184 disputatione
784 2099 923 2186 quadam
943 2101 1076 2166 indicari
1090 2100 1188 2166 vesti·
1270 2104 1273 2110 ’

150 2192 170 2227 “
184 2186 292 2273 gium,
309 2184 398 2271 quod
411 2184 588 2268 acutissimi
602 2185 659 2249 viri
672 2184 824 2271 effugisse
838 2185 951 2251 oculos
965 2189 1112 2273 profecto
1128 2186 1190 2252 mi·

150 2277 170 2312 “
183 2271 322 2336 randum
337 2282 407 2335 est,
431 2271 559 2335 Auctor
573 2269 722 2335 nimirum
738 2274 824 2335 facta
839 2270 878 2335 de
892 2271 1028 2358 epistola
1043 2272 1132 2337 Pauli
1145 2271 1189 2339 ad

150 2362 172 2419 “.
185 2356 351 2422 Romanos
367 2355 437 2443 ejus
460 2375 502 2418 ue
516 2365 709 2442 argumento
725 2355 901 2436 mentione,
917 2358 1011 2424 verba
1025 2357 1096 2422 haec
1110 2358 1190 2424 snb·

150 2446 172 2482 ‘¹
185 2440 289 2508 didit:
312 2441 364 2505 De
383 2377 494 2527 quidus
512 2440 561 2504 sin
586 2439 647 2505 ulis
668 2463 787 2506 necesse
807 2452 853 2506 est
875 2465 895 2507 a
915 2441 1001 2508 nolis
1019 2442 1187 2528 disputaris
1250 2495 1252 2498 -

119 2546 121 2551 ·
148 2532 172 2587 “.
186 2525 273 2591 Cum
300 2539 456 2612 praeterea
480 2463 594 2591 suilli
621 2527 818 2612 caeteroquin
840 2527 874 2590 in
895 2529 1068 2614 fragmenti
1092 2527 1189 2613 hujus

147 2611 313 2698 “integro
332 2625 526 2697 argumento
546 2609 712 2698 quidpiam
734 2623 884 2675 occurrat
905 2611 1113 2699 disputationi
1132 2612 1190 2678 tali

150 2703 173 2736 “
187 2693 367 2776 dinanum,
382 2697 484 2760 immo
500 2698 645 2761 universa
659 2695 768 2782 potius
782 2694 946 2760 conciliari
961 2695 1066 2761 eidem
1090 2719 1189 2784 quam

147 2787 172 2822 “
184 2774 309 2867 optimc
330 2782 466 2862 valeant,
490 2780 570 2881 quid
592 2803 652 2847 nos
674 2781 758 2846 ultra
780 2781 970 2861 morabitur,
989 2787 1059 2869 'quo
1082 2783 1189 2850 minus

147 2872 174 2927 “.
185 2865 251 2930 hoc
265 2866 468 2931 veneratione
482 2866 719 2952 dignissimum,
735 2866 947 2953 Antiquitatis
965 2867 1190 2937 ecclesiasticae

146 2958 172 2993 “
184 2962 435 3018 munumentum
456 2950 563 3016 denuo
581 2950 813 3018 revindicemus
836 2951 917 3018 Caio
937 2952 1046 3035 veteri,
1066 2955 1120 3021 cui
1139 2967 1191 3020 tot

147 3035 269 3102 “illud
283 3036 423 3102 rationes
436 3036 610 3116 vindicant,
625 3036 676 3117 iis,
691 3059 765 3125 quae
784 3060 825 3103 ex
843 3037 974 3104 adverso
989 3051 1087 3120 stant,
1102 3039 1190 3106 sulli-

146 3129 172 3162 “
185 3121 318 3200 eunus,
333 3120 422 3208 quod
436 3122 585 3202 arbitror,
599 3122 748 3188 solutis.'’
770 3121 925 3189 Haeeille
962 3124 1084 3193 uidem.
1144 3132 1148 3139 '
1183 3167 1186 3172 -

192 3207 303 3293 “Age
324 3206 431 3286 vero,’³
452 3206 498 3271 ait
518 3206 731 3288 Muratorius,
753 3215 778 3250 “
787 3208 858 3296 jam
881 3147 1080 3296 proleramus
1101 3210 1190 3300 frag·

150 3298 336 3359 “mentum
358 3290 467 3377 ipsum
489 3313 507 3356 e
528 3293 745 3359 vetustissimo
766 3294 879 3361 codice
897 3294 1114 3360 Ambrosiano
1133 3296 1190 3361 de·

149 3380 175 3416 “
188 3389 350 3462 cerptum,
365 3388 400 3441 at
422 3398 463 3441 ue
479 3376 562 3441 illud
577 3374 938 3465 eruditorutfflmnium
955 3380 1092 3445 examini
1112 3382 1190 3447 sub-

151 3466 175 3499 “
186 3459 349 3546 jiciamus,
363 3483 384 3526 n
432 3468 487 3526 um
503 3461 665 3536 demendo
678 3484 717 3528 ex
730 3463 901 3545 erroribus,
914 3463 1031 3551 quibus
1045 3465 1191 3533 librario·

153 3550 267 3631 “-rupn
279 3545 440 3644 imperitia
454 3547 643 3634 scripturam
660 3549 812 3614 saturavit
824 3561 921 3651 atque
936 3551 1076 3629 foedavit,
1090 3573 1193 3701 ‹lpuan-

151 3634 178 3669 “
190 3650 288 3716 quam
306 3629 387 3695 nibil
405 3631 430 3695 ii
451 3632 591 3712 obstent,
605 3632 778 3718 quominus
799 3648 936 3734 pretium
956 3635 1003 3700 rei
1025 3636 1091 3701 inte

152 3718 176 3755 “
188 3715 296 3780 mus.''
331 3714 385 3793 Sic
408 3714 479 3796 ille3
501 3716 547 3781 ita
564 3728 601 3782 et
616 3717 659 3782 cl.
682 3719 850 3784 Stoschrus
871 3721 1091 3819 fragmentum
1113 3744 1191 3788 cnm
1265 3804 1266 3807 Ἴ

151 3799 438 3864 omnibusmendis
451 3811 550 3887 atque
563 3802 724 3867 erroribus
737 3804 899 3884 exhibuit3
914 3806 1010 3870 sicuti
1021 3806 1098 3871 fecit
1109 3807 1190 3872 Gal·-

148 3881 274 3949 landius
293 3883 326 3948 in
345 3896 443 3970 tomo.
450 3884 483 3949 ii.
499 3885 704 3952 Bibliothecae
717 3910 784 3953 snae
797 3891 867 3954 ΡΡ.
883 3889 940 3954 ubi
953 3891 985 3955 in
1003 3889 1074 3954 Caii
1087 3892 1190 3991 atag-

150 3969 261 4034 ntentis
283 3968 364 4034 illud
386 3970 566 4035 collocavit.
612 3973 747 4038 Utinam
769 3973 953 4060 corrigendi
971 3974 1112 4041 officium
1131 3976 1190 4042 vrri

152 4053 277 4122 eruditi,
293 4055 326 4118 in
349 4075 384 4119 se
410 4056 636 4142 suscepissent.
680 4059 790 4146 Quum
815 4080 889 4125 vero
915 4060 1038 4125 factum
1062 4059 1096 4122 id
1123 4078 1190 4126 non
1282 4097 1284 4101 ·

152 4135 258 4227 fuerit,
281 4137 355 4204 nisi‘
387 4140 453 4205 uod
473 4140 515 4209 in
529 4141 691 4208 nonnullis
718 4143 810 4223 locis,
833 4165 971 4230 quorum
994 4143 1190 4212 facilior'est

154 4222 354 4306 emendatio,
362 4162 405 4290 bi
420 4224 624 4306 Freindallcr,
640 4231 869 4315 Fragmentum
886 4228 1091 4309 membratim
1107 4242 1192 4298 trees

1116 3636 1189 3725 iga·
1296 3691 1300 3702 ,
