2684 4740
206 309 444 387 tueamur
464 317 521 383 nr
541 292 749 383 naumis
771 313 1058 383 ursrurnrro.
1098 332 1159 404 235

117 502 263 571 venerat,
285 503 318 555 et
330 490 512 568 scientiam,
535 488 630 553 aliam
647 500 860 574 praeteream,
881 508 953 573 quae
970 488 1162 573 Apostolioa

119 614 185 681 est,
198 599 485 678 etEcclesiastica,
506 598 711 663 introducere
730 598 891 683 cupiebat,
916 597 957 660 ad
977 609 1009 660 te
1029 619 1160 684 quoque

120 710 242 774 venerit
251 732 262 787 3
285 730 380 795 quem
396 707 527 794 quidem
543 729 607 793 ego
623 730 689 772 non
704 707 830 785 admisi,
848 708 881 770 in
902 708 1051 792 praesenti
1074 707 1163 772 enim'

120 819 217 888 nobis
244 817 485 902 disputantibus
511 817 698 880 confutatus
725 829 803 881 est,
830 818 872 880 Et
901 817 997 880 velim
1027 818 1165 903 quidem

121 927 247 1004 omnia,
259 949 333 1012 quae
347 948 366 989 a
381 946 434 989 me
446 925 533 988 dicta
547 935 633 1003 sunt,
646 924 783 989 scribere
797 924 867 1002 tibi,
879 937 915 988 ut
927 947 966 989 ex
978 926 1028 989 his
1040 946 1161 1012 agnos-

121 1057 213 1101 ceres
229 1033 324 1098 fidem
344 1033 435 1118 ejus3
459 1032 517 1096 sed
536 1033 612 1118 quia
634 1031 675 1097 de
697 1033 922 1098 vacantiifieri
945 1025 1163 1119 poterithoc,
1216 1071 1217 1076 κ
1258 1031 1262 1044 ’

123 1166 225 1223 nunc,
250 1143 338 1230 quod
363 1142 472 1219 instat,
504 1142 614 1226 paucis
643 1142 836 1227 respondere
862 1143 922 1207 tibi
949 1145 1164 1210 necessarium

123 1249 212 1329 duxi,
230 1249 271 1314 ad
284 1271 321 1313 ea
337 1272 409 1335 quae
429 1249 510 1312 milri
531 1248 696 1335 scripsisti,
719 1251 806 1336 quod
829 1251 870 1314 ab
891 1248 948 1314 illo
970 1248 1164 1316 dicerentur:

124 1366 203 1427 Erat
216 1384 296 1449 ergo
310 1363 341 1425 ei
353 1361 370 1407 ¹³
382 1383 546 1426 summum
561 1363 716 1441 studium,
735 1362 840 1448 legem
861 1360 974 1446 Moysi
995 1362 1168 1427 ostendere

125 1484 190 1536 non
214 1493 285 1536 esse
313 1483 542 1536 consonantem
566 1470 632 1557 legi
658 1470 792 1549 Christi,
820 1483 853 1534 et
882 1469 952 1533 haec
980 1492 1019 1535 ex
1047 1472 1168 1535 nostris

126 1580 310 1666 scripturis,
327 1601 504 1644 asseverare
518 1580 674 1645 tentabat.
718 1581 792 1644 Nos
812 1601 886 1643 vero
904 1603 945 1644 ex
966 1582 1079 1644 eadem
1093 1582 1164 1667 ipsa

125 1691 284 1775 scriptura
303 1712 367 1753 non
383 1689 487 1754 solum
504 1690 760 1754 confirmavimus
781 1688 889 1773 legem
903 1689 1029 1774 Moysi,
1045 1702 1078 1752 et
1093 1711 1164 1753 om-

126 1798 190 1877 nia,
204 1820 277 1885 quae
293 1797 325 1861 in
341 1819 379 1861 ea
392 1798 514 1883 scripta
528 1809 625 1877 sunt3
647 1820 757 1862 verum
772 1798 869 1860 etiarn
885 1820 982 1861 omne
996 1812 1085 1864 vetus
1101 1814 1166 1865 tes·

126 1904 308 1971 tamentum
330 1908 498 1973 convenire
519 1930 601 1972 novo
625 1920 831 1986 testamento,
852 1923 886 1971 et
899 1930 1075 1973 consonare
1089 1931 1167 1996 pro·

127 2016 287 2096 bavimus,
301 2039 466 2104 unumque
481 2039 550 2080 esse
566 2029 703 2096 textum,
719 2030 871 2102 tanquam
888 2018 915 2080 si
930 2040 995 2081 una
1008 2019 1103 2083 vestis
1118 2018 1166 2084 ri·'

128 2127 241 2190 deatur
255 2123 313 2192 lex
325 2128 542 2214 subtegmine,
554 2143 651 2215 atque
664 2128 801 2192 stamine
814 2150 883 2191 esse
898 2140 1057 2194 contexta.
1089 2130 1167 2194 Hoc

128 2234 248 2314 solum,
269 2236 357 2320 quod
380 2236 478 2301 veluti
501 2259 678 2322 purpuram
703 2238 847 2302 videmus
870 2238 902 2301 in
924 2252 1023 2317 veste,
1049 2250 1170 2304 novum

127 2355 359 2406 testamentum
384 2345 453 2407 min
483 2358 610 2410 textura
635 2348 747 2410 veteris
776 2347 1167 2433 testamenti31¹gloriam

127 2451 214 2515 enirn
227 2452 364 2525 Domini
379 2453 412 2515 in
426 2453 542 2517 eodem
558 2455 771 2538 speculamur.
816 2459 894 2520 Non
909 2478 989 2542 ergo
1011 2457 1167 2542 abjicien-

128 2560 207 2624 dum
231 2571 281 2624 est
298 2561 506 2646 ⁰speculum,
529 2585 605 2628 curn
626 2565 719 2628 nobis
741 2565 843 2661 ipsam
863 2567 1037 2651 imaginem
1059 2574 1167 2633 reruni

128 2668 282 2747 similem,
297 2690 467 2756 veramque
481 2672 706 2737 rdemonstret
717 2697 727 2752 3
750 2675 828 2759 quin
848 2674 968 2760 potius,
990 2687 1022 2739 et
1041 2698 1081 2739 eo
1101 2682 1168 2742 am-'

130 2776 215 2862 plius
235 2777 460 2843 honorandum
475 2791 535 2844 est.
579 2781 692 2846 Sedet
706 2803 841 2868 puerum
856 2783 938 2869 ‘iqui
952 2784 994 2847 ad
1008 2785 1169 2851 Doctorea'

131 2906 152 2947 a
165 2883 348 2971 padagogo
362 2887 558 2973 perducitur,
575 2911 650 2954 curn
666 2890 772 2955 adhuc
786 2892 934 2978 parvulus
948 2905 1007 2974 est,
1025 2873 1168 2982 nunquid

131 3134 173 3174 ⁴6.
184 3125 259 3186 hujus
269 3127 346 3188 operis
357 3126 431 3175 edidit
440 3129 528 3189 pariter
541 3143 571 3176 ex
586 3131 668 3177 codice
679 3130 791 3179 Bobiensi
804 3131 923 3191 Valesius,
941 3132 1012 3192 cujus
1028 3134 1104 3182 varias
1121 3133 1170 3182 lec·

132 3208 211 3254 tiones
225 3209 379 3255 adnotamus.

166 3288 173 3320 ἰ
188 3287 248 3334 Cod.
261 3287 456 3350 Bobiensis,ficri
462 3298 543 3351 potest.

165 3366 179 3404 k
195 3368 256 3415 Cod.
268 3369 401 3426 Rubrensis,
412 3386 474 3416 suum
485 3369 590 3416 studium.

170 3445 178 3476 ¹
192 3448 221 3495 ln
233 3448 357 3495 Casinensi
368 3458 413 3506 est,
426 3466 454 3494 ex
468 3449 596 3508 subtemine,
614 3460 635 3495 et
651 3467 701 3514 quae
718 3451 818 3498 stamine.
851 3453 897 3500 Sed
915 3468 959 3502 nos
976 3454 1100 3506 Bcbiensis
1116 3461 1171 3510 eod.

132 3530 264 3576 lectionem
275 3529 401 3576 meliorem
413 3544 463 3576 esse
474 3531 624 3578 censuimus.

166 3614 185 3637 ³¹²
200 3609 276 3655 Codd.
287 3610 368 3656 Casin.
380 3619 404 3655 et
416 3610 475 3656 Bob.
487 3609 511 3655 in
523 3620 644 3658 texturam.

166 3692 179 3718 ¹¹
196 3689 329 3750 Corruptus
347 3699 384 3736 est
400 3690 447 3737 hoc
465 3691 491 3737 in
508 3691 563 3738 loco
580 3692 705 3741 Bobiensis
723 3694 811 3752 codex,
827 3709 903 3755 quem
920 3713 969 3745 non
988 3708 1051 3747 recte
1062 3702 1173 3752 Valesius

133 3770 245 3817 correxit.
270 3769 316 3832 (um
328 3785 370 3831 pro
382 3770 439 3816 enim
450 3772 630 3830 contrahente,
642 3773 683 3819 ille
694 3776 797 3822 correxit
808 3775 906 3837 Jesum.)

166 3861 177 3884 ⁰
189 3852 328 3913 Catinensis
337 3856 472 3912 nonrec‘te,
484 3855 593 3916 speculum
603 3855 663 3902 nobis
674 3865 718 3918 per
731 3857 801 3920 ipsam
813 3858 939 3922 imaginem.
972 3862 1019 3911 Sed
1030 3863 1116 3913 melior
1126 3867 1175 3916 alia

133 3932 259 3980 Bobiensis
269 3933 359 3980 codicis
370 3933 451 3992 lectio,
463 3950 538 3996 quam
549 3936 626 3984 secuti
637 3952 732 3984 sumus.

166 4019 179 4056 Ρ
197 4013 332 4071 Bobiensls,
344 4014 510 4065 demonstrarit.

101 4113 102 4118 ¹
166 4101 180 4140 a
197 4093 228 4141 Et
238 4093 279 4141 hic
291 4093 377 4142 melior
388 4097 511 4146 Bobiensis
522 4098 612 4148 codicis
628 4098 700 4150 lectio
707 4117 716 4161 ;
734 4115 793 4151 narn
804 4104 941 4154 casinensis
953 4082 1035 4168 haist,
1047 4108 1087 4174 qui
1097 4125 1112 4155 a
1122 4109 1173 4158 doc·

133 4184 183 4220 tore
193 4171 222 4219 iit
233 4190 247 4218 a
254 4174 386 4238 pedagogo.
