2684 4740
345 260 493 351 essse
513 260 641 331 anun
664 259 986 330 zanornnnsa
1123 279 1183 352 ιιι

142 452 298 503 mxu.
318 435 478 503 mafortea
499 455 674 501 xxxvnr.
695 435 817 500 tunicae.
836 433 941 498 viriles
963 452 1048 499 xva
1069 433 1183 520 caligae

141 543 246 611 viriles
268 544 606 632 pariax111.caligae
626 544 799 610 muliebres
820 542 909 630 paria
930 562 1054 608 xsvnr
1078 545 1184 628 coplae

143 655 313 723 rusticanae
325 675 408 720 xsx.
435 654 524 720 Felix
537 638 656 720 {lamen
668 667 843 741 perpetuus
854 666 985 718 curator
998 653 1184 739 reipublice

144 763 339 842 Mercuclin,
358 763 498 844 Silvano,
518 775 552 828 et
574 763 699 828 Caroso
718 761 894 826 fossoribus
915 760 1017 826 dixit:
1041 759 1187 826 proferre
1228 752 1231 757 ’

146 873 205 941 hec
216 872 309 960 qued
320 872 456 937 habetis.
479 873 624 938 Silvanus
636 886 670 938 et
681 871 823 936 Caresus
839 870 1002 938 dixerunt:
1016 870 1119 958 Quod
1130 870 1187 936 bie

145 981 216 1061 trit,
231 993 342 1048 totum
354 980 419 1047 hoc
432 981 599 1068 ejecimus.
637 980 726 1046 Felix
739 982 854 1044 llamen
868 991 1040 1066 perpetuus
1054 992 1186 1044 curate:

146 1089 331 1175 reipublice
344 1089 537 1168 Marouclio,
552 1089 692 1167 Silvano,
703 1102 737 1153 et
749 1085 874 1152 Caroso
890 1087 988 1152 dixit:
1006 1088 1188 1174 Responsio

147 1210 246 1265 team
265 1199 347 1263 actis
368 1197 480 1265 haeret.
525 1199 738 1284 Posteaquam
752 1212 939 1284 perventum
956 1211 1006 1262 est
1021 1199 1053 1262 in
1068 1198 1187 1263 biblio-

148 1295 286 1386 thecam,
297 1307 424 1373 inventa
435 1320 509 1373 sunt
520 1308 566 1373 ibi
579 1307 715 1373 armaria
727 1307 845 1372 inania.
869 1307 919 1370 lbi
934 1307 1069 1394 protulit
1084 1307 1186 1374 Silva·

148 1412 204 1485 nst
219 1414 429 1500 capitulatam
445 1427 633 1500 argenteam
651 1428 685 1480 et
698 1415 863 1482 lucernam
883 1430 1082 1502 argenteam,
1099 1416 1190 1503 qudd

147 1523 265 1592 diceret
278 1546 315 1588 se
329 1538 405 1610 pest
416 1547 527 1590 orcam
540 1547 594 1590 eas
606 1525 774 1602 inveni-e.
795 1526 911 1591 Victor
920 1525 1044 1589 Aufidii
1057 1527 1190 1591 Silvano

146 1634 248 1703 dixit:
272 1635 427 1700 Mortuus
441 1635 559 1716 leima,
575 1637 605 1702 si
623 1659 687 1702 nen
708 1637 779 1702 illas
794 1637 978 1702 invenisses.
1024 1636 1112 1702 Felix
1127 1640 1187 1703 lla·

147 1765 221 1811 men
241 1756 417 1830 perpetrare
437 1756 568 1811 serator
585 1745 771 1832 reipublice
792 1744 922 1824 Silvano
943 1743 1048 1809 dixit:
1068 1749 1189 1834 Qasre

145 1852 346 1940 Qenthn,
356 1862 399 1919 'se
414 1854 493 1940 quid
508 1853 563 1931 hic
578 1855 775 1919 remanserit.
812 1853 956 1918 Silvanus
967 1853 1071 1919 dixit:
1096 1855 1191 1920 Nihil

146 1963 199 2030 hie
213 1963 380 2042 remansit,
392 1975 501 2028 tetum
516 1963 579 2029 hoc
594 1963 760 2050 ejecimus.
793 1965 927 2028 Etcum
942 1976 1090 2050 apertm
1106 1976 1191 2029 esset

145 2075 334 2153 triclinium,
353 2075 482 2142 inventa
501 2089 578 2142 sunt
594 2077 640 2141 ibi
661 2077 750 2141 dolia
765 2097 820 2143 tv.
832 2089 868 2141 et
884 2096 972 2142 orcae
991 2099 1057 2142 sex.
1102 2078 1193 2142 Felix

145 2185 262 2250 flamen
277 2197 453 2270 perpetuus
463 2197 595 2250 curator
605 2186 790 2272 reipublicae
801 2185 901 2250 dixit:
925 2185 1069 2250 Proserte
1084 2186 1192 2273 Scrip-

145 2304 235 2359 tum
249 2315 331 2379 quas
345 2293 485 2373 habetis,
498 2307 538 2359 ut
551 2295 721 2381 praeceptis
743 2296 980 2380 imperatorum
1001 2306 1035 2359 et
1052 2294 1192 2381 jussioni

143 2423 259 2488 parere
272 2402 412 2487 possitis.
456 2401 629 2468 Catulinus
643 2402 779 2488 pretulit
793 2402 940 2471 codicem
954 2424 1062 2466 unum
1083 2402 1192 2487 perni-

144 2510 252 2577 mium
266 2511 434 2598 majorem.
472 2511 561 2576 Felix
575 2511 692 2593 flamen
708 2525 884 2596 perpetuus
895 2523 1025 2574 curator
1038 2510 1193 2596 reipubli-

141 2640 194 2687 ce
210 2617 395 2685 Marcuclie
407 2629 444 2683 et
455 2618 585 2684 Silvano
598 2619 700 2684 dixit:
723 2621 832 2705 Quare
845 2639 947 2682 unum
962 2613 1191 2683 tantummodo

142 2726 294 2801 codicem
307 2726 464 2792 dedistis?
497 2727 642 2792 Proferte
652 2727 842 2814 ,Scripturas
854 2749 936 2812 quas
953 2726 1088 2792 habetis
1126 2727 1193 2793 Ca·

143 2834 274 2903 :elima
283 2848 321 2900 et
334 2836 536 2902 Marcnclius
551 2836 723 2901 dixerunt:
745 2835 820 2900 Plus
843 2858 909 2900 non
932 2836 1100 2916 habemus,
1117 2837 1193 2923 quia

143 2944 364 3010 suhdieeeaes
381 2968 518 3011 sumus:
543 2946 603 3021 aad
621 2945 760 3011 lectores
780 2945 902 3011 habent
921 2945 1060 3010 codices.
1105 2945 1193 3011 Felix

142 3055 268 3119 {lamen
287 3067 464 3141 perpetuus
477 3065 606 3119 curator
625 3055 813 3140 reipublicae
833 3055 1016 3119 Marcuclio
1034 3068 1067 3121 et
1089 3054 1193 3119 Catu-

145 3161 219 3227 liae
240 3160 345 3226 ffixit:
371 3163 603 3245 Demonstrate
627 3161 719 3227 nobie
742 3163 890 3246 lectores.
937 3164 1136 3229 Marcuclius
1160 3176 1193 3228 et

146 3269 325 3337 Catilinas
349 3269 520 3338 dixerunt:
550 3274 629 3338 Non
654 3273 776 3339 scimus
804 3273 860 3337 ubi
886 3287 1049 3338 maneant.
1103 3273 1193 3339 Felix

146 3379 270 3453 tlnmen
287 3393 465 3464 perpetuus
480 3392 611 3446 curator
632 3374 817 3467 reipublicae
833 3380 987 3446 Catulino
1004 3395 1038 3448 et
1057 3383 1192 3448 Marcu·

144 3487 332 3555 estadixit:
360 3489 395 3553 Si
413 3490 471 3554 ulai
492 3502 625 3555 mane-nt
645 3474 711 3554 non
734 3491 845 3568 nostis,
862 3491 992 3554 nemina
1011 3512 1123 3564 earam
1143 3491 1193 3556 di-

146 3596 229 3664 eite.
271 3596 445 3662 Catulinus
459 3610 494 3662 et
507 3598 712 3678 Marcuclius
722 3596 890 3660 dixerunt:
914 3598 986 3670 Nos
997 3620 1067 3662 non
1080 3621 1193 3667 sumus

148 3703 342 3791 proditores.
386 3707 473 3770 Ecce
493 3728 617 3786 sumus,
633 3705 717 3792 jube
735 3726 795 3768 nos
815 3704 930 3769 occidi.
976 3706 1063 3771 Felix
1078 3709 1193 3772 flamen

147 3825 328 3899 perpeterere
341 3826 471 3878 curator
483 3814 668 3900 reipublice
685 3814 787 3878 dixit:
812 3813 1028 3899 Recipiantur.
1060 3818 1194 3881 Etcum

143 3933 287 4001 eentum
299 3933 385 3987 esset
404 3923 445 3986 ad
465 3923 600 3988 domurn
619 3923 768 4009 Eugenii
785 3923 874 3988 Felix
890 3925 1008 3996 damen·
1020 3937 1193 4010 perpetuus

144 4043 283 4096 serator
296 4031 481 4118 reipublice
499 4032 580 4098 dixit
599 4032 769 4118 Eugenio:
794 4024 906 4097 Profer
920 4035 1100 4118 Scripturas
1114 4054 1195 4118 quas

146 4139 266 4223 habes,
276 4151 315 4206 nt
329 4153 499 4228 precepto·
507 4161 620 4228 parere
631 4137 754 4226 pessis:
773 4151 807 4205 et
821 4133 957 4226 protulit
970 4130 1194 4228 codicesque-

644 4270 670 4312 H
686 4263 706 4312 4
