2684 4740
155 318 218 388 232
259 296 496 364 ARCHELAI
520 299 575 363 ET
594 297 801 364 MANETIS
821 296 1116 364 DISPUTATIO.

156 469 275 533 tradita
289 480 376 548 sunt,
392 468 476 533 ultra
496 490 560 532 non
581 481 710 555 oportet
730 469 904 556 quicquam
928 466 1014 530 aliud
1036 465 1203 552 suscipere

161 576 355 662 discipulum
379 575 511 641 Christi.
556 577 679 641 Verum
703 598 742 640 ne
764 598 947 642 sermonem
970 573 1102 660 longius
1124 596 1202 661 pro-

160 685 299 763 traham,
322 686 362 749 ad
384 685 584 772 propositum
608 685 718 750 redeo.
763 688 889 771 Legem
903 684 1028 770 Moysi,
1043 696 1081 748 ut
1096 682 1202 748 brevi·

159 808 209 860 ter
230 793 349 874 dicam,
372 794 500 858 dicebat
526 794 578 858 bic
601 817 665 859 non
692 816 761 859 esse
786 795 850 858 Dei
875 793 965 872 boni,
987 774 1044 856 sed
1063 791 1203 878 maligni

162 904 326 990 Principis,
342 926 401 969 nec
424 904 541 967 habere
559 922 630 966 eam
652 903 825 989 quicquam
849 900 1053 988 cognationis
1074 900 1119 965 ad
1140 921 1203 965 no·

160 1036 231 1077 vam
253 1014 361 1099 legem
386 1013 529 1091 Christi3
553 1012 609 1076 sed
623 1034 692 1076 esse
707 1011 899 1076 contrariam
914 1025 947 1076 et
961 1009 1139 1089 inimicam,
1153 1011 1203 1075 al·

159 1136 262 1187 teram
285 1123 375 1187 alteri
395 1123 617 1187 obsistentem.
662 1124 735 1206 Ego
750 1121 893 1200 audiens,
909 1120 1056 1185 dicebam
1071 1120 1120 1193 eis
1135 1141 1203 1185 ser·

156 1254 287 1296 monem
303 1231 545 1317 Evangelicum,
560 1232 727 1317 quomodo
740 1230 821 1295 dixit
835 1228 999 1302 Dominus
1013 1243 1125 1297 noster
1138 1231 1198 1295 Je-

162 1364 216 1406 sus
232 1341 390 1420 Christus,
406 1342 497 1404 ³Nou
512 1339 581 1406 ueni
596 1340 711 1404 solvere
726 1340 836 1428 legem,
851 1341 904 1407 sed
918 1339 1101 1424 adimplere.
1140 1340 1205 1407 Ille

160 1476 234 1518 vero
255 1454 312 1534 ait,
333 1475 534 1541 nequaquam
557 1475 631 1517 eum
653 1452 740 1515 hunc
762 1451 878 1515 dixisse
900 1472 1080 1515 sermonem
1091 1473 1102 1530 3
1125 1472 1202 1515 curu

162 1565 248 1628 enim
263 1565 364 1650 ipsam
381 1562 577 1627 inveniamus
591 1583 666 1625 eum
681 1560 846 1625 resolvisse
860 1559 980 1645 legem,
1001 1579 1133 1623 necesse
1152 1571 1204 1623 est

110 1727 111 1730 ,
163 1696 222 1738 nos
243 1675 307 1738 hoc
328 1672 436 1760 potius
455 1671 645 1757 intelligere,
661 1670 749 1758 quod
763 1671 850 1735 fecit.
894 1667 1023 1734 Deinde
1036 1669 1139 1754 coepit
1152 1668 1203 1733 di·

164 1804 236 1847 cere
249 1783 387 1869 plurima
401 1781 539 1867 exlege,
561 1781 665 1845 multa
684 1780 782 1844 etiam
799 1780 839 1844 de
855 1778 1043 1864 Evangelio,
1059 1787 1098 1843 et
1109 1776 1202 1863 Apo·

139 1890 143 1897 ’
163 1892 247 1956 stolo
263 1893 375 1970 Pau10‚
392 1915 465 1978 quae
485 1891 547 1955 sibi
567 1891 713 1956 videntur
730 1912 799 1954 esse
820 1889 991 1968 contraria,
1008 1911 1083 1976 quae
1103 1889 1202 1955 etiarn

111 2061 118 2082 s
162 2021 239 2063 cum
255 1998 372 2062 fiducia
386 1998 507 2077 dicens,
524 1998 603 2063 nihil
618 1999 814 2084 pertimescit
824 2021 834 2078 3
857 1998 954 2066 credo
975 1997 1064 2084 quod
1084 1998 1203 2064 habeat

163 2109 344 2195 adjutorem
359 2106 531 2171 draconem
545 2108 650 2186 illum,
662 2108 718 2194 qui
733 2108 825 2172 nobis
841 2129 966 2193 semper
980 2107 1132 2173 iuimicus
1145 2121 1204 2173 est.

163 2218 304 2283 Dicebat
318 2239 397 2303 ergo
412 2217 502 2303 quod
516 2217 561 2283 ibi
575 2217 688 2282 dixerit
701 2220 804 2298 Deus,
817 2221 911 2304 ⁴Ego
922 2218 1111 2296 divitem‚.et
1124 2241 1204 2306 pau-

163 2350 273 2416 perem
302 2327 385 2391 facio
397 2351 406 2406 3
437 2327 490 2390 bic
518 2349 591 2391 vero
620 2328 715 2392 Jesus
743 2327 856 2392 beatos
885 2328 1006 2392 diceret
1034 2350 1201 2415 pauperes.

162 2438 316 2503 Addebat
331 2437 439 2515 etiam,
455 2436 543 2523 quod
557 2459 654 2500 nemo
666 2437 769 2523 possit
780 2437 850 2523 ejus
862 2460 931 2501 esse
943 2437 1132 2524 discipulus,
1144 2439 1203 2503 nisi

161 2533 360 2612 renuntiaret
373 2546 536 2626 omnibus,
552 2569 625 2632 quae
642 2545 794 2610 haberem
820 2547 885 2610 ⁵ibi
901 2569 973 2611 vero
989 2548 1140 2634 Moyses,
1152 2569 1203 2611 ar-

162 2668 300 2742 gentum
315 2662 348 2719 e't
367 2677 480 2719 aurum
501 2657 542 2719 ab
557 2655 724 2741 AEgyptiis
746 2676 887 2735 sumens,
909 2679 984 2720 cum
1007 2658 1134 2742 populo
1155 2657 1205 2722 fu·

165 2765 267 2850 gisset
281 2785 320 2828 ex
334 2765 501 2849 AEgypto:
523 2767 617 2828 Jesus
632 2778 740 2829 autem
761 2765 840 2829 nihil
859 2767 998 2852 proximi
1019 2766 1205 2832 desiderau-

166 2873 245 2936 dum
261 2893 329 2935 esse
343 2873 504 2956 praecepit.
540 2872 686 2937 ⁶Dcinde
701 2872 789 2959 quod
803 2874 858 2937 ille
873 2875 1003 2939 oculum
1018 2897 1080 2961 pro
1096 2878 1207 2958 oculo,

165 2981 295 3046 dentem
318 3001 377 3065 pro
400 2978 495 3043 deute
516 2981 549 3053 in
571 2980 646 3066 lege
668 2982 801 3046 cavisset
820 2985 982 3070 expendi3
1005 2998 1117 3049 noster
1130 3007 1207 3053 vero

164 3088 328 3155 Dominus
340 3088 531 3173 percutienti
546 3111 642 3153 unam
659 3091 834 3170 maxillam,
848 3092 979 3178 juberet
998 3094 1099 3158 etiam
1122 3096 1208 3160 alte·

164 3218 234 3264 ram
250 3197 431 3284 praeparari.
464 3197 580 3284 ⁷Quod
594 3198 639 3262 ibi
651 3200 787 3285 Moyses
803 3221 888 3279 eum,
899 3201 955 3287 qui
970 3203 1108 3269 sabbato
1121 3225 1209 3290 opus

165 3297 362 3386 fecissetjet
388 3327 452 3369 non
484 3307 708 3391 permansisset
736 3308 768 3371 in
800 3309 962 3388 omnibus,
986 3333 1059 3396 quae
1087 3314 1210 3398 scripta

168 3430 243 3482 sunt
264 3418 297 3480 in
320 3416 406 3501 lege,
426 3415 542 3501 puniri,
565 3415 764 3501 lapidarique
784 3419 950 3502 praecepit,
974 3419 1057 3483 sicut
1082 3421 1219 3490 facturn„

167 3540 217 3590 est
230 3526 271 3604 ei,
287 3524 343 3611 qui
357 3524 462 3588 adhuc
479 3525 628 3608 ignorans
650 3525 682 3587 in
703 3524 838 3589 sabbato
859 3525 978 3590 fascem
1002 3528 1084 3612 ligni
1105 3531 1211 3595 colle·

168 3645 278 3722 gerat3
302 3633 419 3697 8Jesus
435 3654 508 3696 vero
524 3633 557 3696 in
573 3633 706 3697 sabbato
721 3634 816 3698 etiam
832 3634 953 3699 lectum
972 3648 1102 3721 portare
1123 3660 1212 3724 prae-

162 3743 256 3829 ·cepit
269 3763 288 3806 a
303 3763 336 3804 se
350 3743 463 3805 curato
474 3765 484 3819 3
509 3745 523 3779 ⁹
534 3741 591 3804 sed
604 3754 637 3806 et
649 3741 836 3828 Discipulos
848 3743 880 3806 in
893 3742 944 3807 die
956 3745 1082 3810 sabbati
1093 3745 1212 3812 vellere

168 3851 284 3936 spicas,
299 3870 337 3911 ac
352 3848 498 3912 manibus
514 3850 689 3914 confricare
705 3873 768 3915 non
784 3851 945 3936 prohibet,
960 3853 1048 3938 quod
1065 3853 1213 3920 sabbatis

169 3960 282 4044 utique
298 3979 362 4021 non
378 3957 495 4020 licebat
511 3958 588 4022 fieri.
633 3960 675 4022 Et
691 3959 769 4045 quid
785 3962 876 4045 plura
891 3961 1018 4025 dicam?
1042 3957 1158 4037 multis
1177 3977 1213 4031 et

203 4140 214 4174 3
224 4135 284 4182 Mat.
296 4150 320 4181 v.
334 4141 372 4187 17.
420 4136 435 4168 ⁴
445 4133 513 4180 Prov.
524 4134 583 4181 xxii.
597 4145 620 4181 2.
638 4132 699 4179 Mat.
710 4148 733 4180 v.
744 4143 768 4181 a.
785 4135 844 4182 Luc.
856 4136 906 4182 xiv.
915 4146 954 4185 ³3.
1005 4139 1016 4174 ⁵
1028 4137 1108 4184 Exod.
1117 4138 1162 4185 xii.
1172 4148 1215 4189 35.

169 4216 183 4251 ⁶
196 4219 273 4267 Exod.
283 4218 335 4267 xxi.
346 4227 386 4267 24.
398 4217 458 4265 Luc·
469 4216 501 4266 vi.
512 4226 551 4268 29.
586 4217 682 4266 ⁷Num.
692 4231 734 4267 xv.
745 4226 785 4266 us.
827 4211 839 4244 ⁸
850 4219 927 4267 Marc.
938 4220 963 4269 ii.
977 4229 1015 4267 11.
1026 4222 1035 4241 ¹
1046 4221 1060 4256 ⁹
1070 4221 1134 4270 Luc.
1143 4222 1179 4272 vi.
1191 4233 1216 4271 1.
