2684 4740
151 289 213 360 218
250 291 489 361 ascusam
509 294 566 361 ET
586 292 794 373 Maurus
817 293 1108 365 Dlsrursrro.

191 463 353 530 xxxlv.
387 465 540 550 Ignorare
565 485 622 531 vos
645 487 710 531 non
739 463 888 545 arbitror,
913 463 1067 552 quoniam
1091 463 1188 531 Pater

148 593 251 638 unum
264 572 395 658 quidem
416 573 459 639 sit
478 593 609 654 nomen,
624 573 765 639 diversos
784 585 894 639 tamea
916 573 1016 639 habet
1035 570 1186 639 intellec·

147 693 217 747 tus:
240 681 322 747 alius
335 683 420 748 enim
435 695 527 769 pater
540 682 660 749 dicitur
673 703 798 763 eorum,
814 702 897 770 quos
917 681 1105 751 naturalitm
1124 701 1188 768 gea

148 791 265 871 auaris,
276 791 413 857 filiorum
423 815 434 870 3
453 791 534 857 alius
545 813 620 858 vero
631 813 757 872 eorum,
769 813 852 878 quos
864 790 1092 860 tantummodo
1102 811 1188 857 enu-

147 897 272 977 trierit3
295 898 439 965 nonnulli
461 920 536 964 vero
555 899 721 985 temporis,
741 913 841 987 atque
856 897 971 964 ¹etatis
995 895 1187 982 privilegio3
1209 882 1213 886 ¹

148 1006 234 1073 unde
247 1021 282 1074 et
295 1007 460 1075 Dominus
474 1020 583 1073 noster
595 1010 692 1075 Jeaus
705 1007 864 1094 plurimos
876 1021 982 1094 patres
996 1005 1117 1071 habere
1134 1002 1187 1075 di·

147 1117 245 1198 citur,
261 1139 335 1183 nam
349 1129 384 1182 et
396 1115 503 1185 Darii
520 1128 612 1203 pater
628 1115 701 1204 ejus
724 1117 902 1203 appellatus
922 1128 986 1197 eu,
1008 1125 1043 1180 et
1060 1111 1188 1201 loseph

147 1238 239 1311 pater
262 1226 335 1312 ejus
358 1237 489 1312 putatus
515 1237 576 1307 est,
603 1246 681 1291 cum
710 1225 818 1291 nullus
848 1225 965 1290 horum
995 1234 1086 1310 pater
1114 1221 1189 1311 ejus

148 1333 245 1400 fuerit
274 1333 404 1399 veritate
433 1347 568 1399 natorae.
611 1334 700 1399 Nam
723 1332 829 1401 David
852 1344 944 1420 pater
971 1335 1042 1420 eJ'us
1066 1329 1188 1397 dicitur

147 1442 310 1521 aetatis‚ac
324 1442 478 1528 temporis
489 1440 656 1528 privilegio
665 1465 677 1520 3
698 1441 821 1528 Joseph
833 1463 906 1508 vero
916 1442 992 1528 lege
1003 1437 1167 1506 nutriendi
1175 1463 1190 1519 3

148 1551 238 1620 solus
256 1562 367 1636 autern
386 1552 479 1617 Deus
500 1553 592 1615 Pater
611 1549 684 1636 ejus
705 1562 820 1617 natura
839 1562 901 1631 est,
922 1548 979 1638 qui
993 1548 1113 1615 omnia
1129 1566 1189 1634 per

147 1661 294 1729 Verbum
316 1682 412 1726 suum
437 1659 589 1726 velociter
606 1658 699 1725 nobis
720 1659 924 1727 manifestare
946 1657 1102 1744 dignatus
1126 1666 1188 1723 est.

147 1771 220 1835 Nec
242 1770 275 1835 in
299 1770 405 1856 aliquo
429 1783 610 1836 remoratus
634 1771 798 1839 Dominus
824 1783 932 1838 noster
954 1773 1063 1850 Jesus,
1083 1767 1189 1836 iiutra

148 1877 243 1947 unius
271 1879 347 1943 anni
376 1879 515 1964 spatium
541 1880 765 1967 languentium
796 1879 1019 1949 multitudines
1045 1877 1190 1945 reddidit

148 1985 289 2066 sanitati,
313 1999 458 2052 mortuos
483 1987 567 2052 luci:
590 1987 668 2074 ⁴qui
686 1987 774 2054 verbi
792 1988 1019 2074 sui-potestate
1040 1986 1190 2053 universa

148 2095 314 2180 amplexus
334 2107 400 2175 est3
421 2095 455 2160 in
477 2118 542 2182 quo
564 2095 695 2163 tandem
717 2109 897 2165 remoratus
914 2108 1028 2179 eruut
1040 2097 1074 2163 in
1091 2097 1188 2163 Para-

148 2202 227 2285 olito
243 2202 403 2285 mittendo
424 2203 536 2269 tandiu
555 2225 631 2270 eum
653 2217 851 2271 remoratum
872 2205 1059 2272 credamus?
1096 2203 1189 2292 Quin

147 2319 269 2404 potius,
294 2331 334 2383 ut
355 2319 501 2403 superius
523 2318 646 2384 dictum
667 2329 728 2399 est,
751 2318 856 2385 adfuit
875 2315 986 2385 statim
1006 2313 1188 2403 plurimum

147 2425 283 2496 diffusus
297 2426 330 2490 in
346 2426 492 2506 Paulum,
505 2426 599 2514 cujus
610 2427 709 2493 etiam
725 2426 913 2493 testimonio
928 2424 1125 2492 credidimus
1136 2422 1187 2489 di·

147 2537 244 2616 canti,
261 2535 371 2602 ‘Mili
390 2546 494 2602 autem
512 2535 572 2601 soli
592 2537 670 2601 duta
687 2547 732 2601 est
751 2534 961 2624 gratialeo.
1004 2533 1073 2621 Qui
1098 2531 1189 2619 prius

147 2644 279 2733 quidem
294 2645 357 2713 fuit
374 2658 561 2732 persecutor
579 2645 734 2711 Ecclesiae
754 2645 831 2725 Dei,
853 2644 911 2710 sad
932 2665 1060 2709 rursum
1082 2640 1188 2709 mani·

144 2753 281 2831 fmtatus
295 2766 346 2819 ast
360 2754 523 2834 omnibus,
539 2754 614 2840 quia
626 2766 712 2820 esset
727 2753 830 2820 fidelis
847 2752 1003 2819 Paraclita
1017 2751 1166 2817 minister
1174 2771 1187 2830 3

147 2885 206 2950 per
230 2885 328 2948 quem
354 2862 508 2932 uniuersis
537 2863 678 2933 innotuit
705 2862 877 2950 singularis
904 2861 975 2951 ejus
1001 2861 1188 2940 clementia,

149 2970 242 3058 quod
262 2983 296 3035 et
318 2990 423 3057 usque
444 2968 485 3034 ad
505 2993 576 3050 nos,
599 2971 655 3058 qui
677 2971 850 3059 aliquando
872 2971 942 3037 sine
961 2992 1020 3059 spe
1045 2991 1189 3051 eramus,

147 3079 310 3145 donorum
325 3077 395 3163 ejus
410 3076 541 3162 largitio
554 3076 707 3164 pervenit.
751 3080 835 3168 Quis
849 3080 935 3146 enim
950 3081 1098 3148 nostram
1113 3100 1188 3167 spe·

148 3206 219 3252 rare
241 3197 369 3272 poterat
390 3199 630 3271 persecutorem
652 3188 801 3269 Paulum,
823 3202 858 3257 et
881 3189 1050 3259 inimicum
1071 3187 1189 3257 Eccle-

148 3295 219 3375 sire,
232 3295 433 3360 defensorem
448 3294 519 3382 ejus
534 3317 572 3360 ac
588 3307 728 3365 tutorem
743 3297 907 3363 futurum?
939 3299 982 3370 Et
996 3298 1187 3365 non'solum

150 3405 226 3484 hoc,
241 3427 352 3471 verum
367 3403 513 3469 etiamst
528 3403 732 3490 magistrum,
747 3406 965 3479 aeclesiarum
983 3405 1188 3473 conditorem

148 3527 182 3578 et
195 3513 453 3578 architectorem.
492 3514 571 3576 Post
583 3512 670 3577 hunc
685 3534 777 3599 ergo,
791 3526 825 3579 et
844 3525 919 3600 post
938 3535 1007 3593 eos,
1030 3513 1090 3600 qui
1109 3534 1188 3581 cum

149 3623 373 3708 ipsofuerant,
389 3621 495 3699 idest,
509 3632 584 3707 post
604 3621 793 3706 discipulos,
815 3621 941 3686 nullum
960 3621 1060 3686 alium
1080 3620 1189 3687 vauira

148 3727 328 3795 secundum
344 3728 524 3814 Scripturas
541 3727 734 3814 sperandum
755 3738 825 3809 est3
847 3729 893 3794 ait
913 3728 999 3793 enim
1020 3729 1189 3803 Dominus

185 3915 193 3950 ¹
207 3916 237 3963 ln
248 3917 330 3963 codice
341 3926 386 3975 est,
398 3916 463 3963 inter.
497 3918 543 3964 Sed
554 3931 635 3965 unum
646 3931 742 3966 annum
754 3915 843 3964 Christi
854 3915 1028 3977 praedicationi,
1039 3929 1070 3972 ac
1080 3916 1188 3967 miracu·

148 3998 178 4047 lis
189 3997 284 4045 videtur
294 3995 426 4044 adscribere
437 3995 571 4044 Archelaus
581 4010 642 4044 cunr
653 3997 706 4045 aliis
716 3996 823 4058 antiquis
832 3996 950 4054 Patribus,
959 4010 1034 4058 quare
1043 3995 1187 4060 legendnm,

148 4078 217 4126 intra.
251 4077 311 4125 tude
322 4078 384 4125 infra
395 4091 447 4139 cap.
457 4088 497 4128 49.
532 4076 633 4142 (rudeis
644 4078 730 4126 notin
741 4076 867 4126 Melitonis
878 4077 969 4140 Fragm.
980 4092 1005 4140 p.
1015 4086 1071 4128 rao,
1081 4078 1131 4128 rol.
1142 4076 1170 4140 i.)

160 4160 163 4166 ’
191 4192 216 4252 (4
232 4190 319 4238 near.
330 4187 364 4251 a.)
463 4188 474 4226 ⁵
490 4189 579 4251 apuu.
591 4190 625 4240 ut,
637 4201 660 4239 a.
674 4184 728 4256 (m.
739 4189 814 4254 prus
824 4198 878 4253 post
888 4188 1001 4240 auaris
1011 4188 1154 4254 rma.)
