2684 4740
327 303 601 375 concinnunt
623 306 923 376 nnnnnrnnsn
946 309 975 375 1.
1133 311 1175 397 ι,

163 470 310 560 baptizent,
322 475 446 564 placuit
463 491 502 544 nt
521 477 562 544 nd
582 479 750 545 ecclesiam
765 479 792 544 si
806 479 921 568 aliquis
938 478 1109 546 haereticus
1122 501 1177 546 ve·

160 584 232 664 uerit,
244 584 445 674 interrogent
459 609 535 652 eum
556 589 764 676 symbolum
787 603 821 656 et
841 589 869 655 si
888 589 1081 678 perviderint
1101 612 1177 654 eum

158 689 182 757 in
198 694 283 760 Patre
302 708 338 761 et
357 695 453 777 Filio,
471 710 506 763 et
524 697 647 786 Spiritu
666 710 778 764 sancto
796 720 867 764 esse
878 699 1091 786 baptizatum,
1107 721 1177 764 ma·

105 844 125 887 ‚·
148 815 338 872 nutantum
352 805 384 871 ei
397 806 593 896 imponetur.
637 808 738 897 Quod
758 808 785 874 si
806 808 1025 897 interrogatus
1046 809 1181 901 symbo-

99 994 101 1001 .
156 912 218 1000 Iun,
231 938 296 982 non
315 918 519 1006 responderit
537 919 730 987 Trinitatem
752 919 848 1001 hanc,
870 919 1013 1001 kmerito
1032 919 1179 1009 baptize-

156 1036 203 1090 uu.
215 1022 277 1091 &c
299 1026 393 1093 Tunc
408 1016 542 1096 toedisns
555 1027 672 1118 1ιιιιιὶι
686 1051 799 1095 omnes
814 1030 856 1096 ed
870 1051 944 1133 suas
959 1029 1050 1097 sedes
1066 1028 1179 1096 redire.

99 1128 101 1135 '
157 1131 251 1201 Amen.

476 1279 841 1336 *αφ-ι·-

628 1447 688 1515 IV.

467 1583 612 1647 TITULI
632 1583 852 1646 CANONUM.

425 1723 475 1768 ΒΧ
498 1722 726 1768 comestores
748 1723 887 1769 lsmom.
975 1757 977 1760 ⁴

158 1830 175 1890 1.
189 1835 221 1894 tn
230 1854 285 1894 uno
298 1836 343 1892 die
355 1841 383 1892 et
398 1841 518 1909 tempore
532 1834 641 1890 Pascha
653 1833 808 1890 celebretur.

157 1911 185 1972 II.
207 1915 241 1975 Ut
252 1916 301 1973 8888
314 1919 425 2011 puispue
440 1917 594 1980 ordinatur,
610 1915 647 1972 888
657 1921 826 1990 permaneat.

156 1990 197 2055 ΙΙΙ.
213 1996 248 2055 tu
261 2000 307 2072 qui
320 1999 349 2052 in
360 2015 429 2071 pace
442 2015 520 2052 arma
533 1993 692 2070 projiciunt,
707 1997 977 2054 excommunicentur.

155 2071 195 2136 lv.
211 2079 247 2136 Ut
260 2081 375 2150 aartgoe,
392 2079 458 2133 dum
472 2079 591 2150 agitant,
603 2078 876 2134 excommunicentur

154 2151 181 2214 V
197 2159 232 2217 Ut
245 2159 381 2225 theatrici,
397 2159 526 2233 quamdiu
541 2163 638 2252 agunt,
653 2159 924 2215 excommunicentur

153 2233 195 2297 VI.
211 2241 273 2298 Ut
262 2258 292 2297 ιιι
306 2239 465 2316 infirmitate
478 2239 597 2294 conveni
609 2255 706 2294 manus
718 2238 918 2312 impositionem
931 2239 1079 2314 accipiant.

152 2315 207 2378 VII.
221 2320 270 2377 De
283 2320 424 2396 fidelibus,
444 2321 491 2393 qui
508 2319 636 2393 presides
646 2318 736 2395 fiunt,
757 2320 801 2375 ael
821 2319 1014 2436 rempublicam
1035 2339 1114 2396 agere
1134 2339 1181 2377 aa·

260 2402 331 2458 tuns.

149 2479 223 2542 VIII.
238 2482 288 2540 De
300 2481 434 2556 baptismo
448 2500 549 2546 earum,
565 2499 611 2554 pua
604 2480 658 2536 ab
671 2480 764 2536 heresi
777 2488 976 2540 canamtuntar.

146 2560 192 2623 IX.
210 2562 249 2622 m
261 2565 310 2638 qui
323 2560 503 2652 paufessarum
518 2565 624 2618 litteras
636 2562 767 2637 afferunt,
782 2561 853 2620 alias
867 2563 1056 2636 accipiant.
1095 2599 1098 2603 -

146 2641 176 2704 X
194 2642 234 2702 Ut
246 2644 271 2700 Is
284 2639 358 2714 cujus
372 2661 441 2700 uxor
454 2644 631 2707 adulteravit,
648 2642 732 2697 aliam
742 2641 795 2696 illa
809 2641 914 2698 moenie
926 2659 981 2698 nan
994 2632 1122 2716 accipidt.

144 2723 192 2784 XI.
207 2726 258 2782 De
268 2725 369 2800 puellis
382 2743 441 2798 pure
451 2725 597 2799 gentilibus
603 2721 767 2795 junguntur.

144 2803 207 2865 XII.
227 2805 266 2863 Ut
280 2806 370 2861 alerem
374 2803 548 2881 feneratores
561 2806 831 2860 excommunicentur.

142 2883 224 2946 XIII.
238 2886 323 2943 De''
303 2904 337 2941 ιιι
350 2888 396 2961 qui
407 2888 556 2960 scripturas
568 2903 671 2953 ramas,
684 2901 750 2940 vasa
763 2882 926 2952 DamIniea,
940 2884 984 2940 ael
996 2885 1107 2984 uomina
1115 2881 1185 2959 sra-

263 2973 336 3023 mum
351 2967 495 3023 tradidisse
507 2966 644 3022 dicuutur.

142 3046 222 3106 XIV.
241 3047 281 3105 Ut
297 3064 345 3122 qui
338 3045 437 3121 feisa
456 3052 584 3103 ιιιιιιιιιιι
595 3044 705 3195 fratres
723 3061 795 3111 suas,
808 3035 892 3119 usque
909 3045 947 3100 ad
964 3046 1066 3100 exitum
1079 3061 1184 3101 excom·

261 3129 445 3186 munirentur.

142 3207 205 3268 XV.
225 3207 266 3266 m
279 3209 403 3264 diacones
415 3225 469 3264 nan
482 3207 607 3284 appierant.

141 3286 222 3348 XVI.
242 3286 282 3345 Ut
295 3287 341 3344 ubi
355 3290 465 3363 quisque
474 3287 540 3364 fuit
552 3284 806 3355 excommunicatus,
820 3285 858 3343 888
870 3287 1083 3342 communionem
1096 3303 1186 3343 ιιιιιι-

263 3375 373 3442 quatur.
1164 3401 1167 3405 ν

142 3448 240 3512 XVII.
260 3447 297 3506 Ut
309 3450 403 3505 nullus
416 3452 554 3524 episcopus
568 3449 655 3507 alitum
667 3450 804 3505 conculcet
817 3418 980 3523 episcopum.

142 3528 256 3588 XVIII.
273 3531 322 3586 De
335 3531 491 3586 diaconibus
503 3530 611 3597 urbicis,
625 3536 658 3614 ut
670 3531 728 3585 sine
741 3529 955 3604 presbyterorum
970 3528 1131 3607 contuentur
1143 3529 1186 3584 ni-

131 3630 132 3635 ¹
171 3648 175 3654 -
263 3609 305 3666 888
318 3617 412 3704 agant.

144 3689 224 3750 XIX.
245 3689 285 3754 Ut
296 3694 446 3783 peregrinis
460 3693 591 3786 episcopis
605 3693 679 3748 locus
689 3689 861 3766 sacrfieandi
875 3690 964 3744 detur.

128 3817 129 3820 ¹
144 3769 209 3831 XX.
227 3771 303 3828 Ut
280 3788 339 3827 sine
354 3771 438 3828 tritus
450 3774 580 3846 episcmsis
592 3774 684 3829 nullus
697 3773 835 3844 episcopus
849 3771 1005 3826 ordinetur.

145 3849 225 3910 XXI.
244 3851 284 3909 Ut
302 3852 459 3926 presbyteri,
475 3858 525 3908 aut
539 3854 674 3919 diacones,
688 3851 786 3925 parad
804 3851 862 3905 ulia
882 3851 942 3906 ioca
961 3868 989 3905 ιι
1008 3847 1187 3970 transferunt,

266 3933 445 4007 deponantur.

148 4008 245 4069 XXII.
259 4012 309 4069 De
320 4014 465 4088 apostatis,
480 4015 527 4088 qui
540 4015 570 4070 irr
582 4012 742 4090 infirmitate
754 4012 967 4068 communionem
980 4015 1161 4101 ριιιιιιῇς

178 4158 191 4191 ¹
202 4170 276 4210 tunc.
339 4159 347 4198 I
361 4163 518 4214 Constantirus
528 4163 645 4225 videlicet,
650 4162 722 4226 jtrssit
727 4171 771 4225 per
781 4162 920 4224 retemptare,
930 4161 1044 4226 quadpmt
1051 4155 1190 4217 Arelatenses

153 4255 233 4290 tamnes
243 4242 404 4306 subjungemus.
