2684 4740
378 315 616 385 A‘POLOGIA
636 316 721 384 PRO
743 259 958 386 ORlGENE.
1127 332 1189 405 291

149 490 289 557 Notus
300 488 468 590 ergofidei
477 489 709 556 documentum
723 489 835 576 siquis
849 487 968 554 habere
979 485 1058 566 vult,
1071 483 1190 552 hebeat

150 597 196 642 ex
217 576 278 641 bis.
303 576 356 640 .Sr
380 575 469 664 quid.
482 589 589 642 autem
617 588 677 640 aut
699 575 851 661 legimus,
871 587 928 640 aut
948 571 1045 661 hujus
1068 583 1186 637 nostrie

127 717 129 721 .
151 660 229 726 fidei
254 660 390 726 fecimus
418 662 552 742 ratione,
576 660 751 727 secuudum
771 658 969 746 Apostolum
992 657 1187 746 eprobantes

152 746 276 826 omniu,
290 745 379 834 quod
395 747 517 814 bonum
539 759 588 813 est
606 744 796 826 obtinentes,
822 743 859 810 ab
881 744 963 809 otini
984 743 1080 830 'specie
1099 740 1186 807 mala

149 844 215 898 noe
227 831 452 898 sosimas.-
474 844 530 899 εει
549 833 576 898 si
616 831 650 896 ui
664 833 748 897 'tuno
767 830 909 919 regulum
923 839 1104 918 sequuntur,
1115 844 1184 915 pue

150 931 246 1006 cuper
259 916 342 999 illos,
356 930 387 984 et
402 933 493 1006 super
506 855 692 985 lsraciDei.
735 917 855 984 Amen.

178 1059 193 1089 θ
206 1046 313 1108 rurus
322 1068 348 1108 v.
361 1066 403 1116 21,
416 1065 457 1107 su.
506 1054 582 1105 sits.
594 1055 749 1114 sorbonicus,
762 1055 921 1104 abstinemus.
967 1050 1071 1103 ss'Gale't.
1081 1051 1115 1099 vi.
1127 1056 1166 1099 lt.

491 1209 847 1263 ...Φ-...-

529 1368 800 1445 APOLOGIA

143 1540 325 1638 ‘sinen
344 1522 569 1639 Pnurnur
589 1540 820 1607 nnnrrnls
842 1538 931 1606 ruo
954 1519 1169 1648 onionuu.
1276 1507 1278 1513 ’

544 1648 772 1775 *nummo
835 1750 857 1780 ,⁴

208 1839 210 1843 <
246 1876 301 1942 Ad
316 1875 508 1963 Co'nfissores
524 1874 566 1941 ud
578 1872 709 1940 metalla
720 1872 908 1970 Paloestinae
921 1871 1094 1938 damnatos.
1113 1860 1114 1876 ¹
1219 1947 1221 1951 Ι

193 2037 319 2104 Ninus.
346 2038 476 2118 mirum,
499 2036 623 2117 fratres,
646 2035 796 2101 videmini
824 2035 903 2100 mihi
932 2056 1002 2100 esse
1027 2030 1182 2123 perpessi,

145 2143 242 2234 quod
255 2146 301 2212 ite
314 2170 369 2213 vos
385 2146 534 2234 Origenis
550 2146 745 2233 subterfugit
765 2145 957 2226 intellectus,
972 2158 1008 2212 ut
1028 2167 1084 2211 vos
1104 2165 1186 2232 quo·

141 2273 265 2342 queen
278 2257 443 2322 aestimetis
458 2257 498 2321 de
510 2257 578 2336 illo,
589 2278 661 2344 quae
676 2256 777 2322 etalii
791 2255 957 2322 nonnulli:
981 2254 1035 2342 qui
1051 2255 1114 2319 sive
1128 2275 1186 2340 per

147 2365 344 2453 imperitiam
365 2366 426 2446 sui,
450 2388 516 2455 qua
540 2390 605 2432 non
630 2366 734 2431 valent
757 2389 867 2431 sensus
883 2365 959 2452 'ejus
983 2362 1186 2429 altitudinem

146 2478 315 2556 contueri3
339 2477 404 2543 sive
417 2478 572 2565 pravitate
588 2477 716 2556 mentis,
736 2499 801 2564 qua
820 2476 962 2542 studium
982 2486 1099 2562 gerunt
1117 2495 1185 2540 non

146 2584 255 2651 solum
271 2586 357 2652 dicte
371 2588 440 2676 ejus
455 2588 611 2668 incusare,
631 2587 857 2653 verumetiam
879 2587 1027 2652 adversus
1049 2607 1105 2669 eos
1128 2583 1185 2670 qui

145 2695 221 2761 liaec
237 2695 351 2783 legunt
370 2697 504 2763 hostiles
524 2696 706 2762 inimicitias
728 2719 867 2778 sumere,
888 2711 953 2763 tam
980 2694 1184 2782 pertinaciter
1269 2716 1275 2743 ν’

140 2802 343 2892 iungentes,
355 2820 393 2873 ut
407 2807 495 2872 nulla
509 2822 640 2894 prorsus
660 2806 750 2872 venia
772 2829 828 2872 eos
850 2807 966 2894 dignos
987 2806 1099 2872 heberi
1120 2815 1184 2892 pu·

145 2924 230 2994 tent,
245 2935 285 2978 ne
304 2935 340 2978 ea
361 2914 491 3000 quidem
513 2915 794 3002 quamiurpertire
814 2917 932 2999 solent,
956 2916 1043 2982 verbi
1065 2915 1182 3003 grstia,

146 3021 202 3087 his
225 3023 280 3110 qui
307 3024 353 3092 nel
379 3026 570 3117 Graecorum
597 3026 799 3091 secularium
824 3026 935 3106 libros,
960 3026 1011 3091 vel
1035 3046 1183 3091 nonnun·
1303 3036 1305 3040 ‘

139 3152 245 3218 <quem
259 3133 356 3198 etiam
371 3134 607 3221 hereticorum,
621 3134 850 3221 percunctandi
870 3147 972 3220 atque·
987 3132 1183 3220 agnoscendi

145 3241 258 3307 studio
278 3243 471 3310 decurrunt:
494 3245 555 3310 sibi
575 3245 651 3311 solis
669 3246 792 3312 scilicet
809 3247 944 3319 concedi
963 3246 1079 3312 debere
1096 3246 1182 3332 peri·

145 3349 236 3440 tium¹
249 3352 409 3439 probandi
424 3356 579 3420 sermonis
593 3351 720 3441 putant,
734 3364 773 3420 ut
788 3357 814 3420 si
830 3355 907 3443 quid
922 3354 1181 3445 bene-abaliquo

146 3459 271 3528 dictum
293 3475 360 3542 test,⁴
373 3463 510 3529 retinere
530 3463 644 3543 sciant,
666 3464 708 3528 ab
729 3464 819 3530 omni
839 3477 948 3529 antem
969 3463 1075 3550 specie
1096 3463 1183 3529 mala

124 3570 305 3636 'abstinere
334 3593 368 3636 se
396 3573 559 3653 noverint3
583 3573 625 3637 ab
652 3571 799 3639 hisvero
824 3574 879 3660 qui
905 3546 1053 3660 oligenis
1081 3573 1180 3639 libros

144 3681 272 3770 legunt,
295 3682 381 3748 istud
404 3683 530 3770 penitus
552 3683 719 3749 exclusum
743 3695 858 3769 putant
881 3694 953 3749 esse
973 3681 1179 3762 mandatum,

144 3810 214 3880 quo
232 3793 414 3882 probabiles
433 3793 591 3881 jubentur
612 3793 695 3858 effici
713 3793 878 3878 trapezitae
897 3793 1043 3872 scientes,
1064 3791 1181 3879 hquod

143 3901 268 3968 bonum
285 3916 335 3968 est
350 3903 497 3984 retinere,
512 3905 553 3969 ab
567 3904 656 3969 omni
671 3914 778 3969 autem
793 3905 900 3991 specie
920 3904 1006 3976 mals
1025 3925 1060 3971 se
1079 3901 1181 3968 absti-

145 4029 242 4081 nere‘:
265 4015 321 4083 sed
345 4014 572 4082 tantummodo
597 4016 625 4081 si
649 4015 721 4103 quis
742 4014 851 4101 legere
869 4014 968 4083 libros
989 4014 1075 4082 illius
1096 4011 1180 4083 visus

525 4262 562 4313 ht
575 4263 695 4314 Thessa.
708 4272 749 4324 cr,
761 4272 805 4314 er.

633 4362 691 4412 112
771 4370 774 4375 ·
