2684 4740
248 341 311 410 194
346 321 584 389 incusum
603 322 659 386 ur
680 322 887 388 MANErts
907 303 1203 388 orsrurn‘rro.

249 493 353 558 mines
367 495 473 558 solent
487 504 691 558 extructores.
739 493 907 558 Interdum
921 493 1018 557 etiam
1033 512 1109 556 eum
1124 490 1293 571 timidum,

249 601 412 667 interdum
427 616 460 666 et
475 602 714 666 convertibilem
730 602 830 682 dicis3
856 602 920 666 Dei
935 612 987 666 est'
999 601 1085 665 enim
1101 622 1202 687 agere
1217 622 1293 687 quae

250 710 315 774 Dei
330 722 415 790 suut,
429 711 567 774 bominis
583 731 667 789 vero,
682 734 755 797 quae
770 711 912 774 humana
926 722 1011 775 sunt.
1041 710 1076 774 Si
1088 730 1170 795 ergo
1184 710 1293 788 Deus,

251 830 289 882 ut
304 819 361 898 ais,
376 840 503 883 murum
519 820 707 897 construxit,
725 818 873 883 timidum
890 840 924 883 se
937 818 1004 898 hic,
1019 830 1053 882 et
1067 816 1146 881 nibil
1159 817 1294 882 fortitu·

252 925 335 990 dinis
355 950 389 990 se
412 927 530 990 habere
551 927 709 1013 designat.
755 927 882 991 Scimus
902 928 987 991 enirn
1008 946 1136 1013 semper
1149 948 1222 1006 eos,
1236 927 1295 1014 qui

252 1035 454 1122 suspicantur
469 1036 509 1098 ab
525 1036 681 1099 extraneis
697 1035 757 1099 sibi
773 1035 867 1100 dolos
886 1035 1019 1115 intendi,
1035 1040 1132 1122 atque
1146 1034 1294 1099 hostiurn

254 1155 401 1207 verentur
419 1143 559 1222 insidias,
575 1143 636 1228 ipsi
655 1144 760 1207 solent
772 1145 869 1208 urbes
884 1164 955 1208 suas
971 1143 1070 1208 muris
1085 1143 1295 1223 circundare;

253 1251 286 1316 in
309 1275 374 1338 quo
395 1266 429 1318 et
450 1253 663 1338 ignorantiam
687 1253 808 1317 habent
827 1255 957 1339 pariter,
973 1266 1070 1340 atque
1092 1252 1298 1318 inbecillita·-

254 1373 321 1426 tem
343 1362 392 1424 sui
412 1362 596 1426 ostendunt.
641 1361 704 1425 Sed
719 1383 759 1425 ne
773 1361 854 1426 illud
868 1362 999 1448 quidem
1014 1384 1033 1426 a
1048 1361 1141 1425 nobis
1157 1360 1296 1427 reticen-

256 1466 336 1532 dum
350 1479 410 1547 est,
423 1468 499 1554 quin
514 1469 621 1554 potius
636 1469 668 1532 in
683 1469 826 1533 medium
837 1468 1078 1556 proferendum,
1089 1478 1128 1534 ut
1142 1474 1180 1534 e't
1194 1468 1298 1533 multa

255 1576 468 1641 assertionum
497 1576 602 1661 copia,
630 1576 905 1656 machinationum
934 1576 1100 1642 adversarii
1130 1576 1297 1641 diversitas

256 1686 448 1765 destruatur,
463 1687 616 1751 auxilium
637 1688 730 1752 nobis
749 1689 870 1753 ferente
886 1691 1026 1755 veritate.
1077 1688 1298 1755 Couc'edimus

255 1809 449 1861 structuram
472 1797 591 1862 factam
612 1818 682 1860 esse
706 1797 801 1877 muri,
819 1821 891 1885 quae
911 1798 952 1862 ad
972 1798 1298 1864 discretionemess'et

257 1905 510 1990 uniuscujusque
533 1906 643 1991 regni:
667 1906 867 1992 impossibile
887 1907 973 1971 enim
994 1918 1043 1971 est
1061 1907 1130 1971 sine
1148 1907 1217 1972 boc
1230 1924 1298 1972 uuo

257 2012 376 2077 habere
406 2035 658 2101 unumquenque
684 2016 850 2102 proprium
884 2037 1043 2102 regnum3
1081 1998 1298 2082 eadem-vero

257 2122 357 2186 modo
370 2122 569 2208 impossibile
584 2133 644 2201 est,
657 2135 690 2188 et
704 2125 882 2210 malignum
897 2132 1062 2210 egressum
1078 2124 1219 2211 propriis
1228 2116 1297 2188 hni-

199 2310 205 2325 .
256 2233 319 2300 bus
344 2235 422 2300 boni
447 2246 552 2321 partes
577 2235 733 2315 invadere,
760 2237 845 2301 muri
870 2236 1095 2301 interdictione
1115 2244 1298 2315 comm,

258 2343 320 2408 nisi
345 2344 429 2409 forte
453 2345 541 2430 prius
568 2343 747 2431 dejiciatur,
772 2345 855 2411 sicut
880 2346 1057 2410 audirimus
1081 2344 1123 2409 ab
1149 2344 1297 2416 hostibus

258 2454 325 2518 fieri
338 2469 435 2541 atque
449 2454 547 2518 etiam
563 2454 666 2518 oculis
680 2455 795 2518 nostris
810 2466 938 2540 Pnuper
949 2454 1187 2542 conspeximus.
1210 2452 1296 2520 Cum

258 2565 327 2629 Rex
351 2564 465 2650 aliquis
490 2574 657 2648 oppugnat
681 2562 794 2626 turrim
820 2563 924 2627 valido
949 2585 1044 2628 muro
1064 2564 1296 2646 circundatum,

259 2672 392 2737 adhibet
405 2673 511 2758 primo
527 2670 681 2750 ballistas,
697 2684 730 2734 et
747 2669 867 2756 jacula,
882 2673 1045 2736 securibus
1060 2670 1297 2761 deinde'port'as

260 2783 417 2860 excidere,
431 2796 528 2867 atque
547 2779 699 2845 arietibus
719 2792 831 2845 mu'ros
846 2792 980 2846 conatur
994 2782 1132 2846 evertere
1138 2804 1153 2864 ς
1177 2794 1296 2848 etcum

261 2891 448 2967 obtinuerit,
462 2900 532 2953 tum
553 2888 682 2951 demum
704 2888 876 2974 ingressus,
892 2912 965 2976 quae
984 2890 1124 2970 libuerit,
1140 2891 1222 2978 agit,
1235 2890 1298 2956 sire

262 2998 405 3085 captivos
419 2996 527 3081 placet
543 2994 626 3059 cives
645 2994 813 3076 adducere,
830 2997 892 3062 sive
907 3011 1022 3062 cuncta
1037 2999 1231 3079 subvertere,
1245 2998 1298 3065 aut

262 3106 371 3185 etiam,
396 3106 422 3169 si
449 3101 616 3190 placuerit,
641 3116 773 3189 rogatus
799 3104 958 3192 indulget.
1002 3106 1090 3193 Quid
1115 3126 1198 3194 ergo
1223 3100 1300 3174 dicit

262 3216 345 3280 iste?
382 3216 460 3279 Non
485 3211 679 3291 substantia,
695 3212 728 3276 id
748 3226 807 3293 est,
825 3215 992 3300 proposito
1012 3215 1209 3281 adversarius
1231 3218 1299 3304 quis

263 3324 392 3412 dejecit,
407 3322 495 3411 quod
509 3321 715 3408 interjectum
729 3322 832 3387 fuerat
847 3324 1108 3388 munimentum?
1132 3325 1167 3388 in
1176 3322 1298 3412 pr'ffice·

265 3434 415 3500 dentibus
428 3432 522 3497 enim
543 3431 704 3515 professus
726 3443 785 3510 est,
807 3432 882 3517 quia
904 3431 1140 3517 supervenerint
1162 3426 1299 3500 tenebre

265 3565 306 3608 ex
320 3541 455 3628 propriis
471 3539 585 3604 finibus
605 3540 639 3603 in
655 3560 791 3625 regnum
804 3539 867 3603 Dei
881 3541 969 3604 boni.
1007 3541 1098 3606 'ouis
1110 3536 1301 3631 priusdej'e·

267 3651 311 3716 cit
331 3649 541 3714 munitionem
553 3631 805 3761 ?·Impossibile
825 3648 911 3711 enim
925 3658 1000 3713 'erat
1021 3649 1146 3735 ingredi
1168 3647 1300 3729 nunu,

299 3843 311 3876 P
326 3837 391 3884 Nota
401 3834 514 3913 Archelai
523 3842 629 3891 aetatem,
640 3842 664 3880 et
675 3833 764 3881 habitae
779 3835 947 3905 disputationis
959 3844 1054 3897 tempus
1064 3852 1072 3895 ς
1089 3835 1158 3898 loqui
1170 3847 1254 3886 autem
1265 3836 1302 3884 bic

266 3920 361 3967 videtur
373 3915 505 3963 Archelaus
515 3914 545 3960 de
555 3914 650 3961 Carrhis
661 3928 676 3961 a
686 3914 761 3961 Persis
772 3915 818 3962 sub
830 3915 958 3963 Valeriano
971 3918 1083 3976 Augusto
1099 3918 1255 3979 expugnatis,
1268 3932 1294 3965 re

268 4000 298 4047 de
308 3997 399 4045 eisdem
410 3995 496 4042 iterum
510 3993 539 4040 ab
550 3994 679 4040 Odenatbo
690 3995 786 4041 orientis
802 4009 855 4057 rege
872 3995 977 4071 Gallieni
993 3997 1147 4073 Imperatoris
1158 3999 1272 4061 tempori
1295 4027 1342 4035 f

269 4081 295 4127 in
307 4076 412 4126 Romani
424 4075 521 4136 Imperii
532 4073 649 4120 ditionem
661 4074 768 4141 redactis.
784 4074 845 4124 Vide
854 4074 1004 4123 Trebellium
1014 4075 1152 4125 Pollionem
1161 4079 1187 4125 in
1196 4077 1283 4126 Gall’
1293 4094 1342 4115 ··

269 4166 407 4222 captust
420 4168 459 4205 la.
495 4153 568 4220 (Bello
587 4153 692 4200 Parthico
708 4154 741 4201 ad
763 4154 869 4203 Carrhas.
909 4157 1035 4205 Frontonis
1058 4142 1138 4220 Reliq.
1159 4173 1185 4221 p.
1199 4165 1254 4209 106.
1268 4158 1332 4205 efl-

271 4235 401 4299 Niebuhr.)
