2684 4740
249 326 314 400 290
499 303 534 376 s.
554 303 780 376 murrum
801 302 1038 377 neumare

249 479 373 546 venturi
394 501 516 559 sumus,
538 503 603 545 non
625 480 787 567 refugiant
808 479 889 544 scire
911 479 1000 580 quod
1024 500 1134 545 verum
1157 489 1224 559 est,
1244 500 1287 547 uc

249 567 335 633 torte
346 567 530 653 ignorantes
545 566 750 653 delinquente
771 565 828 631 sed
842 566 1082 633 oonsrderantes
1097 563 1175 653 quie
1195 563 1288 633 taleis

251 650 529 716 criminationibus
563 664 729 738 percutere
757 648 892 716 fratrum
928 648 1129 721 infirmorum
1156 646 1285 716 consci-

248 736 362 815 entias,
381 737 412 801 in
429 736 596 803 Christum
607 757 740 824 peccare
761 747 831 817 est,
852 736 928 800 ideo
945 758 1010 802 non
1033 735 1283 802 accommodent

247 821 505 887 criminatoribus
519 842 630 888 aurem
648 843 752 902 suam,
775 843 835 886 nec
858 823 900 886 ab
921 821 985 887 alio
1007 821 1132 887 discant
1150 819 1283 887 alterius

162 904 165 911 ’
250 906 359 986 fidem,
376 908 514 972 maxime
526 929 601 973 cum
620 929 731 972 coram
750 907 885 994 experiri
907 908 948 973 sit
968 908 1074 996 copia,
1095 919 1129 971 et
1150 906 1216 972 oris
1233 905 1284 971 sui

246 993 408 1058 confessio
427 993 505 1080 quid
524 994 574 1058 vel
592 993 728 1081 qualiter
746 1014 830 1058 uuus
853 992 967 1080 uisque
987 992 1100 1070 credit,
1121 990 1282 1057 ostendat.

248 1077 302 1143 Sic
316 1079 401 1143 enirn
416 1079 570 1164 scriptum
587 1092 647 1158 est,
665 1079 740 1165 quia
760 1015 873 1143 scurie
893 1077 1029 1143 creditur
1050 1076 1282 1163 adjustitiam,

251 1186 303 1228 ore
325 1175 429 1230 autem
454 1163 599 1252 corffessio
612 1164 661 1252 fit
686 1164 728 1229 od
749 1163 904 1231 salutem.-
928 1177 973 1244 et,
997 1162 1064 1229 bes
1086 1162 1190 1230 veritis
1216 1162 1281 1228 suis

245 1250 467 1337 unusquisque
480 1249 721 1336 justificabitur,
743 1262 777 1316 et
797 1272 837 1333 ex
863 1248 966 1314 verbis
994 1250 1059 1314 suis
1082 1248 1280 1333 condemna·

245 1334 345 1400 bitur.
390 1334 538 1424 Qualiter
552 1350 630 1422 ergo
647 1334 809 1422 Origenes
819 1335 861 1399 de
874 1334 1009 1421 siugulis
1023 1334 1171 1434 capitulis
1186 1355 1279 1398 sanc-

212 1417 217 1427 “
248 1432 354 1484 tarum
372 1420 602 1507 scripturarum
623 1421 766 1501 senserit,
784 1433 877 1485 tenor
896 1419 997 1484 libelli
1015 1420 1111 1507 hujus
1132 1417 1280 1484 edoceat.

244 1505 300 1570 De
313 1506 363 1570 his
376 1519 497 1585 autem,
511 1528 583 1593 quae
604 1505 690 1592 apud
708 1526 784 1570 eum
806 1506 966 1570 contraria
985 1504 1047 1569 sibi
1066 1504 1282 1584 inveniuntur,

246 1590 326 1678 quid
350 1613 456 1656 causae
480 1592 533 1670 sit,
556 1592 590 1656 in
612 1592 729 1656 ultimo
753 1591 841 1656 brevi
857 1590 1050 1692 ‚adjectione
1079 1589 1282 1655 docebimus.

243 1677 318 1742 Nos
333 1689 456 1757 sutem,
466 1676 550 1742 sicut
564 1674 716 1742 traditum
731 1688 782 1741 est
794 1676 887 1741 nobrs
902 1698 922 1740 a
936 1675 1053 1740 sanctis
1065 1675 1224 1762 patribus,
1238 1675 1283 1738 ita

238 1772 403 1843 tenemus,
418 1763 507 1849 quod
520 1775 630 1829 sancte
643 1761 783 1827 Trinitas
797 1774 959 1826 coaetema
981 1761 1033 1842 sit,
1057 1772 1091 1825 et
1109 1760 1206 1825 unius
1225 1780 1282 1824 na·

236 1859 337 1927 t'urae,
353 1848 511 1935 uniusque
527 1848 663 1928 virtutis,
679 1859 712 1912 at
735 1868 776 1912 ue
796 1846 983 1912 substantias
992 1870 1003 1926 3
1025 1859 1059 1912 et
1073 1845 1163 1933 quod
1178 1842 1281 1910 Filius

243 1932 311 1998 Dei
323 1933 356 1997 in
372 1934 544 1998 novissimo
557 1946 704 2034 tempore
713 1868 820 1998 timmo
832 1932 936 1997 factus
948 1944 1008 2010 est,
1019 1945 1053 1996 et
1066 1952 1125 2017 pro
1139 1930 1283 2017 peccetis

243 2017 362 2082 nostris
376 2039 488 2104 passus
503 2030 563 2098 est,
577 2033 611 2084 et
625 2040 711 2084 mea
728 2018 797 2106 ipsa
817 2039 925 2099 carne,
947 2018 981 2083 in
1003 2038 1067 2104 qua
1084 2037 1201 2118 passus
1219 2028 1282 2096 est,

237 2104 444 2168 resurrexim
458 2105 605 2184 mortuis,
616 2115 749 2204 propter
769 2103 858 2204 quod
875 2115 908 2168 et
925 2101 1166 2179 resurrectionis
1189 2120 1282 2189 spem

241 2186 387 2254 humano
400 2190 513 2276 generi
528 2190 651 2255 tribuit.
696 2189 810 2254 Carnis
832 2210 908 2254 vero
927 2188 1194 2254 resurrectionem
1216 2206 1284 2252 non

241 2293 301 2360 per
314 2274 437 2362 aliquas
452 2276 643 2362 prestigias,
664 2275 748 2338 sicut
768 2274 914 2340 nonnulli
933 2272 1182 2354 calumniantur,
1201 2271 1284 2338 dici·

241 2381 336 2424 mus:
358 2361 415 2426 sed
430 2360 513 2425 hanc
526 2361 629 2446 ipsam
649 2380 789 2440 carnem,
811 2360 845 2424 in
867 2381 931 2446 qua
952 2381 1037 2423 nunc
1059 2358 1206 2438 vivimus,
1227 2378 1281 2423 re-

242 2457 455 2510 surrecturam
481 2446 659 2524 credimus3
684 2467 747 2509 nou
774 2445 868 2509 aliam
895 2445 1053 2530 proelia,
1077 2464 1136 2508 neo
1158 2462 1281 2530 corpus

242 2530 342 2609 aliud,
356 2554 452 2617 quam
468 2531 565 2618 hujus
587 2530 690 2595 carnis
708 2529 857 2594 dicimus.
901 2530 972 2593 Sive
991 2552 1071 2615 ergo
1092 2551 1212 2616 corpus
1230 2550 1281 2593 re·

241 2628 458 2680 surrecturum
471 2616 619 2695 dicimus,
632 2615 809 2680 secundum
820 2614 1017 2700 Apostolum
1032 2614 1190 2693 dicimus;
1214 2613 1280 2679 hoc

242 2702 328 2765 enim
345 2703 475 2766 nomine
495 2725 573 2766 usus
593 2712 642 2764 est
660 2699 735 2765 ille:
760 2700 824 2763 sive
845 2722 972 2764 carnem
994 2700 1143 2779 dicimus,
1162 2719 1280 2764 secun·

240 2786 319 2850 dum
345 2788 551 2852 traditionem
574 2784 716 2873 symboli
737 2784 940 2850 confitemur.
984 2784 1090 2850 Stulta
1110 2783 1198 2849 enim
1219 2783 1280 2850 ed·

239 2869 382 2936 inventio
411 2872 580 2936 calumniae
609 2884 670 2948 est,
698 2893 815 2957 corpus
843 2870 1022 2936 humanum
1049 2869 1138 2934 aliud
1161 2881 1278 2956 putare

241 2975 311 3019 esse
333 2977 430 3041 quam
452 2977 591 3019 curnem.
636 2955 708 3020 Sive
729 2977 809 3042 ergo
831 2978 905 3020 caro
929 2955 1107 3020 secundum
1129 2976 1280 3020 commu·

241 3060 316 3103 nem
335 3040 456 3120 tidem,
469 3096 472 3103 .
487 3041 550 3104 sive
577 3061 694 3126 corpus
729 3041 907 3106 secundum
934 3041 1132 3127 Apostolum
1160 3039 1281 3104 dicitur

241 3124 331 3211 quod
351 3138 509 3212 resurget,
530 3124 576 3189 ita
597 3124 793 3190 credendum
812 3124 873 3206 est,¹
894 3127 978 3191 sicut
996 3124 1174 3212 Apostolus
1196 3124 1278 3190 defi·

240 3210 332 3290 nivit,
346 3211 446 3299 cquia
460 3209 549 3297 quod
564 3222 721 3296 resurget,
736 3211 768 3275 iu
784 3212 900 3276 virtute
919 3224 1076 3298 resurget,
1098 3223 1132 3274 et
1150 3210 1184 3275 in
1203 3209 1279 3296 glo-

239 3295 310 3375 ria3
332 3309 365 3362 et
391 3295 635 3382 incorruptibile
656 3307 804 3383 resurget
825 3309 858 3361 et
880 3296 1020 3382 spiritale
1041 3316 1179 3382 corpns;
1202 3295 1280 3383 quia

242 3381 421 3468 dcorruptio
442 3383 698 3467 incorruptionem
711 3404 772 3446 non
783 3380 960 3467 possidebit.
1005 3381 1106 3446 Salvis
1128 3401 1209 3467 ergo
1228 3379 1280 3446 his

238 3467 462 3555 prerogativis
483 3467 582 3533 futuri
604 3466 746 3553 corporis
769 3468 816 3531 vel
837 3469 952 3548 carnis,
972 3466 1162 3532 resurrectio
1175 3466 1280 3531 carrr‘u

240 3553 401 3618 credenda
420 3566 470 3618 est
492 3553 617 3637 integre
638 3566 734 3640 atque
752 3553 908 3654 perfecte,
928 3565 1017 3619 utet
1040 3563 1154 3616 natura
1174 3551 1279 3616 carnis

242 3637 358 3702 eadem
373 3652 525 3718 servetur,
539 3651 573 3702 et
586 3638 763 3724 incorruptr
783 3660 821 3702 ac
841 3638 989 3724 spiritalis
1011 3637 1155 3722 corporis
1176 3649 1279 3703 status

209 3771 211 3775 ψ
243 3735 277 3788 et
290 3723 395 3809 gloria
411 3745 474 3788 non
490 3723 695 3809 infringatur.
738 3723 791 3787 Sic
813 3724 899 3788 enim
917 3725 1148 3810 scriptumest.
1193 3722 1279 3786 Haec

233 3807 277 3874 rin
298 3807 539 3896 Hierosolymis
556 3808 589 3873 in
609 3809 757 3874 Ecclesia¹
773 3809 838 3873 Dei
854 3831 875 3873 a
890 3825 1003 3874 sancto
1020 3807 1186 3872 sacerdote
1208 3805 1280 3895 ejus

232 3892 393 3960 ,Johanne
406 3894 641 3980 praedicanturz
664 3894 735 3958 haec
755 3916 816 3959 nos
837 3917 912 3959 cum
934 3896 1006 3981 ipso
1028 3907 1061 3958 et
1082 3891 1235 3972 dicimus,
1248 3903 1282 3956 et

241 3977 402 4044 tenemus.
445 3980 480 4042 Si
493 3979 565 4066 quis
578 3988 694 4064 praeter
706 3978 778 4048 lraec
792 3980 842 4043 vel
863 3980 975 4059 credit,
999 3979 1049 4044 vel
1068 3977 1176 4056 docet,
1196 3976 1280 4042 vela

244 4064 339 4131 nobis
356 4064 448 4130 aliter
467 4064 557 4147 credi·
573 4086 670 4151 quam
692 4064 900 4154 exposuimus
920 4075 1024 4152 putat,
1038 4062 1212 4128 anathema
1226 4060 1280 4128 sit.

229 4274 234 4290 ,-
276 4253 461 4316 ⁸Rom.x,1o.
510 4248 706 4312 *Matutam
752 4253 1055 4317 ‘scoransaetseu
1103 4249 1256 4304 ‘tunsa
