2684 4740
8 4386 120 4468 fl

162 305 203 370 88
349 300 632 369 ·CONCILI·UM
655 299 955 367 ARELATENSE
982 296 1009 364 I.

157 473 271 552 rimus,
286 472 407 561 scripto
427 484 545 540 nostrae
567 470 797 537 mediocritatis
817 470 1056 558 subjunximus.
1103 468 1153 534 At
1172 469 1207 533 id

119 623 130 633 -
160 583 266 670 primo
288 581 321 648 in
343 583 417 648 Ioco
439 581 480 648 de
503 581 566 647 vita
589 594 699 645 nostra
720 594 818 667 atque
841 580 982 645 utilitate
1003 570 1208 643 tractandum

161 691 240 774 fuit,
249 705 287 758 ut
301 692 377 780 quia
391 715 475 759 unus
491 715 550 779 pro
566 692 676 756 multis
696 705 842 754 mortuus
858 703 907 754 est
921 704 956 754 et
968 678 1155 769 resurrexit,
1169 689 1209 753 ab

161 801 314 868 omnibus
334 817 462 890 tempus
484 802 591 888 ipsum
608 801 654 866 ita
668 786 819 887 religiosi
833 813 941 866 mente
955 801 1158 879 observetur,
1171 821 1210 864 ne

162 910 332 979 divisiones
356 912 407 980 vel
430 912 644 980 dissensiones
671 912 703 977 in
731 923 821 976 tanto
847 911 1004 999 obsequio
1030 909 1210 975 devotionis

162 1022 288 1110 possint
301 1043 468 1109 exsugere.
731 1112 735 1118 .

673 1132 702 1195 Ι.

207 1238 414 1306 sCensemus
429 1261 510 1330 ergo
527 1239 649 1306 Pascha
667 1239 804 1306 Domini
821 1261 880 1327 per
893 1240 1005 1305 orbem
1023 1250 1133 1306 totum
1148 1261 1211 1305 uus

163 1348 215 1412 die
230 1348 401 1415 observari.
860 1334 863 1339 ’

662 1460 708 1524 ΙΙ.

205 1567 259 1632 De
273 1565 323 1632 his
337 1589 482 1657 quoque,
494 1568 551 1655 qui
563 1567 825 1656 quibuscumque
839 1568 920 1635 Iocis
936 1567 1075 1634 ordinati
1090 1568 1211 1656 fuerint

163 1675 313 1758 ministri,
329 1677 362 1745 iu
376 1676 455 1766 ipsis
469 1677 549 1743 locis
563 1689 775 1766 perseverent.
790 1660 792 1664 ’

652 1787 716 1850 ΙΙΙ.

167 1968 169 1972 ⁴
205 1894 260 1959 De
278 1892 331 1959 his
351 1895 462 1975 etiam,
479 1895 536 1985 qui
555 1917 645 1961 arma
664 1894 698 1959 in
716 1916 796 1982 paee
811 1895 997 1986 projiciunt,
1012 1895 1136 1982 placuit
1149 1895 1207 1961 ab·

164 2003 281 2070 stinere
295 2027 352 2071 eos
367 2006 641 2073 ceommunione.

655 2118 714 2184 IV.

205 2226 259 2291 De
276 2224 471 2292 circissariis
487 2225 702 2313 agitatoribus
718 2226 773 2315 qui
790 2225 900 2292 fideles
915 2235 1000 2306 sunt,
1014 2224 1140 2312 placuit
1152 2244 1209 2290 cos

155 2334 320 2421 ‚quamdiu
335 2347 449 2422 agunt,
464 2357 483 2399 a
497 2335 726 2401 communione
742 2335 890 2422 separari.

662 2446 706 2511 V.

203 2553 257 2618 De
279 2553 331 2620 his
353 2554 409 2642 qui
432 2554 465 2624 in
486 2555 671 2620 infirmitate
693 2567 769 2621 sunt
790 2553 970 2635 constituti,
989 2565 1023 2619 et
1045 2551 1208 2618 hcredere

160 2661 285 2744 volunt,
300 2663 423 2750 placuit
436 2664 482 2730 eis
497 2687 628 2730 manum
645 2665 779 2752 imponi.

653 2775 715 2838 VI.

165 2882 167 2886 '
205 2881 260 2946 De
272 2881 463 2967 praesidibus
480 2894 601 2960 autem,
615 2882 671 2968 qui
687 2881 794 2945 fideles
809 2863 883 2946 sunt
898 2868 985 2947 etad
1000 2880 1209 2968 presidatum

160 2990 345 3069 consiliunt,
370 2991 415 3056 ita
437 2990 569 3076 placuit,
596 3004 633 3054 ut
659 3011 735 3054 cum
758 2991 900 3076 promoti
928 2991 1059 3071 fuerint,
1083 2991 1210 3057 litteras

160 3099 292 3189 quidem
317 3099 476 3186 accipiant
498 3098 729 3164 ecclesiasticas
750 3082 1075 3165 communicatorias:
1100 3102 1147 3167 ita
1160 3115 1211 3168 ta·

160 3231 250 3290 men,
272 3225 309 3274 ut
333 3209 367 3272 iu
394 3208 654 3295 quibuscumque
681 3207 761 3272 Iocis
786 3211 957 3294 gesserint,
979 3212 1020 3274 ab
1046 3200 1210 3298 episeopis

158 3316 306 3407 ejusdem
329 3317 393 3384 Ioci
411 3339 490 3383 cura
511 3317 552 3383 de
573 3317 636 3381 illis
658 3316 794 3403 agatur3
817 3329 851 3383 et
871 3318 898 3382 si
920 3318 1077 3404 coeperint
1096 3330 1211 3384 contra

161 3425 363 3515 disciplinam
379 3448 488 3516 agere,
504 3438 582 3492 tune
598 3424 730 3491 demum
751 3449 771 3490 a
790 3427 1020 3493 communione
1034 3425 1210 3494 excludan-

157 3543 226 3601 tur.

307 3700 310 3704 .
677 3645 723 3710 II.

203 3754 248 3816 Et
258 3751 300 3818 de
311 3751 362 3818 his
373 3751 506 3840 quidem
518 3754 574 3843 qui
585 3753 619 3819 in
630 3648 796 3841 rdinublica
807 3776 905 3842 agere
917 3757 1039 3836 volunt,
1049 3755 1209 3824 similiter.

487 3877 490 3883 '
637 3864 735 3930 VIII.

204 3971 276 4039 iDe
289 3971 379 4039 Afris
393 3984 515 4053 autem,
531 3971 621 4060 quod
634 3973 766 4061 propria
783 3997 843 4040 sua
861 3974 936 4063 lege
955 3987 1097 4075 utuntur
1106 3989 1144 4041 ut
1157 3997 1210 4042 re-

193 4147 207 4186 ί
225 4146 292 4194 Vener
306 4143 404 4192 collectio
419 4159 524 4192 swanum
540 4142 668 4192 mmrterii
682 4144 711 4192 S.
722 4143 821 4208 Benigni
835 4159 890 4209 esp.
902 4155 942 4196 aa.
971 4148 1028 4194 Item
1038 4133 1211 4210 Audegaverrsis

161 4237 265 4288 cap-ul.
330 4224 517 4276 balaeoedere.
583 4224 659 4274 ίΜ’.
674 4223 1004 4278 οο16ητ.1951.Ι)ιΑῙιίοι.
