2684 4740
151 330 216 401 330
352 391 355 396 ¹
403 310 438 378 S.
457 308 681 380 PAMPHILI
705 310 940 388 MARTYRIS

194 484 435 550 Psurrrruus.
461 484 590 550 Deinde
604 496 794 572 postpauca
809 484 865 551 ait.

194 593 408 659 Omosnss.
438 595 499 660 Sed
513 594 780 660 erm-inducere.

196 704 436 769 Penrureus.
467 706 550 770 Haeo
571 704 701 793 quidem
720 705 789 791 ipse
809 705 842 769 in
863 726 903 770 eo
921 704 1004 771 libro
1018 726 1115 793 quern
1133 728 1189 772 su,

91 892 94 897 .
151 812 371 900 prediximus,
386 814 506 879 scribit.
549 817 621 880 Nos
636 837 710 881 vero
729 815 778 879 his
793 813 999 902 adjungimus
1012 814 1111 880 etiam
1128 816 1190 880 ists

151 944 225 1008 quae
248 924 341 987 nobis
362 923 431 1009 ipsa
452 925 585 1011 aequitas
603 924 728 991 videtur
741 942 923 1011 exposcere.
966 925 1000 990 Si
1019 925 1189 992 manifeste

149 1030 293 1097 Ecclesia
308 1034 446 1099 traderet
460 1035 510 1099 vel
524 1033 711 1121 predicaret
725 1035 884 1099 contraria
897 1034 948 1099 his
961 1056 1033 1122 quse
1047 1033 1103 1117 ille
1115 1051 1188 1101 sen·

150 1141 203 1221 sit,
220 1141 288 1206 sine
301 1142 401 1207 dubio
417 1143 502 1208 velut
516 1143 694 1208 contrarius
707 1156 741 1207 et
758 1143 909 1209 resistens
923 1145 1052 1211 statutis
1072 1146 1187 1212 Eccie⁴

149 1251 284 1317 siasticis
304 1253 419 1317 merito
440 1253 632 1338 culparetur.
675 1254 775 1321 Nunc
789 1274 862 1317 vero
876 1274 952 1317 eum
966 1252 1133 1328 diversitas
1146 1257 1188 1321 sit

149 1362 235 1449 apud
256 1384 366 1426 omnes
388 1362 643 1442 Ecclesiasticos,
657 1376 691 1429 et
708 1362 762 1428 alii
781 1362 844 1426 alia
858 1362 900 1427 de
914 1363 1022 1428 anima
1034 1364 1187 1446 sentient,

149 1486 183 1537 et
205 1493 317 1536 omnes
338 1472 482 1552 dirersa3
505 1472 672 1559 quomodo
693 1473 747 1538 hio
767 1474 872 1560 magis
888 1491 984 1560 quarn
1004 1475 1115 1540 caeteri
1136 1475 1187 1547 ‚in-

148 1581 309 1646 cusandus
324 1594 383 1659 est,
399 1581 537 1647 maxime
553 1602 627 1646 cum
644 1603 682 1646 ee
697 1606 770 1670 quae
791 1605 809 1647 a
827 1582 960 1672 reliquis·
977 1583 1187 1664 affirmantur3

148 1691 254 1757 multo
267 1692 370 1778 magis
385 1703 419 1755 et
432 1691 569 1756 absurda
583 1689 759 1771 videantur,
773 1703 807 1756 et
821 1692 881 1757 sibi
895 1693 966 1780 ipse
977 1692 1164 1759 contraria?

170 1852 173 1857 ,
191 1803 334 1871 Quidam
350 1804 435 1869 enim
451 1804 622 1891 opinantur
641 1804 826 1890 praeparatis
844 1802 913 1890 jam
936 1804 969 1868 in
989 1800 1100 1871 ventre
1113 1821 1188 1868 mu-

147 1912 261 1977 lierum
281 1914 533 2000 deformatisque
553 1913 754 2000 corporibus,
770 1927 847 1978 tuuc
868 1914 909 1979 ad
928 1935 1070 2000 praesens
1088 1915 1190 1981 creari

99 2062 106 2071 -
147 2023 282 2102 animas,
296 2035 328 2088 et
351 2024 445 2088 inseri
459 2023 641 2089 deformato
657 2023 725 2110 jam
745 2023 882 2110 corpori.
927 2025 1011 2088 Haec
1024 2045 1102 2089 vero
1115 2046 1189 2095 sen·

148 2133 276 2212 tientes,
293 2146 409 2219 praeter
430 2132 494 2198 hoc
514 2133 601 2220 quod
622 2134 805 2199 manifestas
819 2133 1025 2218 probationes
1038 2155 1080 2199 ex
1095 2154 1189 2199 tenc*

148 2242 189 2308 tis
205 2242 376 2332 Scripturis
390 2242 540 2309 adhibere
559 2265 624 2308 non
643 2258 790 2330 possunt,
804 2243 931 2330 insuper
946 2243 1043 2311 etiem
1059 2243 1189 2332 injusti

147 2346 226 2419 tiam
241 2353 484 2439 quodammodo
502 2353 678 2419 conditoris
693 2366 854 2432 accusant,
870 2353 957 2440 quod
972 2375 1036 2417 non
1052 2350 1187 2440 aequati·

146 2475 196 2528 ter
214 2465 338 2549 [omnes
352 2466 507 2548 utantur,]
525 2463 632 2542 idest,
649 2485 757 2551 aequss
771 2462 843 2527 vitae
857 2462 1114 2527 conversationes
1131 2459 1188 2527 tri·

147 2574 227 2639 bnat
240 2574 400 2637 omnibus.
445 2573 560 2637 Statim
584 2573 670 2636 enim
692 2586 727 2636 nt
745 2586 852 2637 creata
865 2574 961 2637 fuerit
975 2572 1095 2652 anima,
1109 2592 1184 2636 cum

146 2682 226 2747 nihil
241 2684 353 2771 utique
368 2683 474 2747 adbuc
490 2684 522 2746 in
535 2704 569 2746 se
581 2683 688 2767 culpae·
698 2682 908 2763 commiserit,
921 2681 1071 2746 inseritur
1086 2682 1186 2746 inter·

63 2793 66 2798 ’
147 2792 238 2872 dum,
254 2793 280 2857 si
299 2795 343 2858 ita
360 2793 522 2872 acciderit,
544 2813 632 2856 caeco
653 2791 782 2877 corpori
804 2791 851 2856 vel
872 2791 949 2856 alias
971 2790 1093 2855 debili:
1114 2789 1187 2854 aiiae

147 2921 222 2966 vero
238 2904 321 2967 sanis
337 2903 525 2988 corporibus
539 2924 576 2966 ac
591 2901 801 2966 firmioribus:
822 2913 856 2965 et
869 2901 938 2965 aliis
955 2900 1086 2987 quidem
1101 2898 1186 2963 mul·

147 3024 218 3078 tum
234 3014 306 3078 vitae
321 3026 450 3097 tempus
465 3011 627 3090 tribuitur,
643 3011 712 3075 aliis
727 3032 800 3075 vero
816 3011 1060 3076 brevissimum:
1083 3011 1129 3077 ita
1149 3027 1186 3079 ut

147 3121 306 3207 interdum
326 3122 421 3186 simul
445 3135 482 3186 ut
502 3135 584 3185 natae
608 3121 737 3199 fuerint,
757 3120 966 3185 exturbentur
986 3142 1005 3184 e
1026 3141 1183 3209 corpores

146 3244 180 3296 et
194 3231 265 3296 aliae
280 3231 410 3319 quidem
432 3230 472 3295 ad
494 3230 767 3294 conversationem
783 3242 942 3316 agrestem
958 3230 1134 3316 quamdam
1149 3253 1186 3298 sc

145 3341 325 3421 barbaram,
340 3354 373 3406 et
386 3342 443 3406 ubi
457 3363 495 3405 ex
510 3338 598 3405 nulla
613 3336 691 3404 nihil
706 3339 839 3403 humani
860 3355 916 3404 aut
936 3339 1065 3405 bonesti
1079 3356 1141 3421 est,
1152 3353 1186 3406 et

145 3453 363 3536 superomnia
382 3451 438 3516 ubi
457 3463 598 3537 paternae
621 3449 855 3535 superstitionis
876 3449 1024 3535 impietas
1047 3451 1185 3530 obtinet,

146 3559 345 3646 diriguntur:
372 3561 442 3626 aliae
465 3582 538 3624 vero
560 3558 601 3623 ad
620 3559 702 3623 viros
722 3556 887 3639 honestem,
911 3559 1047 3636 sobrios,
1069 3559 1185 3638 humes

147 3691 217 3750 nos,
234 3671 287 3735 ubi
302 3683 335 3734 et
350 3670 562 3735 humanarum
578 3669 688 3754 legum
704 3669 886 3734 observatio
895 3669 1003 3756 ¹viget3
1021 3669 1186 3735 interdum

147 3779 244 3845 etiam
263 3780 304 3845 ad
321 3793 467 3867 parentes
485 3779 666 3866 religiosoS,
687 3779 744 3842 ubi
763 3778 913 3844 educatio
930 3779 1047 3845 nobilis
1068 3793 1103 3844 et
1123 3779 1184 3846 bo·

147 3903 248 3970 nesta,
276 3888 333 3956 ubi
366 3890 463 3956 etism
499 3888 637 3955 eruditio
671 3887 880 3968 rationabilis,
910 3888 1183 3955 transmittuntur.

148 4000 326 4066 Quomodo
341 3999 441 4085 igitur
454 4011 625 4064 assertores
640 4019 754 4062 eorum
771 3994 804 4062 in
819 3998 937 4063 talibus
952 3997 1091 4062 divinam
1108 4019 1182 4084 pro-

146 4108 316 4173 videntiam
332 4120 418 4172 recte
433 4108 541 4171 omnia
556 4106 805 4192 dispensantem,
818 4120 850 4172 et
863 4129 956 4193 aequa
968 4107 1059 4170 lance
1071 4107 1183 4172 mode·

146 4229 282 4296 rantem,
297 4223 451 4302 tanquam
467 4213 545 4281 boni
558 4213 682 4301 etjusti
695 4215 760 4280 Dei
774 4227 927 4301 poterunt
940 4212 1130 4302 assigmre?
