2684 4740
136 316 138 321 ·
236 283 296 348 126
587 280 921 349 ARCHELAUS.

234 455 376 525 conferas,
391 453 603 511 evidentissime
616 454 775 531 apparebit,
788 455 882 533 ipsum
896 456 938 513 ita
951 455 980 511 in
995 451 1129 513 omuibus
1144 463 1285 517 secutum·
1300 494 1332 505 ψ

233 536 322 593 fuisse
337 535 521 602 Archelaum,
536 544 568 591 ut
579 554 671 612 pauca
685 536 720 591 de
734 554 787 592 suo
802 537 935 593 adversus
956 535 1084 593 Manetit
1103 555 1216 596 errores
1232 548 1277 596 et·

233 615 342 673 tulerit.
382 615 518 672 Meminit
537 617 622 672 etiam
637 616 778 672 Actorum
795 615 881 693 hujus
902 617 1104 693 disputationis
1127 616 1275 686 Socrates,

233 697 282 833 qui
303 698 334 753 in
354 695 505 753 consulatu
524 714 604 765 xvir.
625 695 783 753 Theodosii
802 697 943 764 iunioris,
963 697 1020 753 hoc
1041 706 1094 765 est,
1109 715 1190 755 anno,
1210 716 1283 756 atter

259 777 407 834 hristiauae
419 794 613 834 ccccxxxix.
627 776 861 834 Ecclesiasticam
875 777 1035 835 Historiam
1050 775 1277 844 absolutate·

234 859 342 924 omnia,
354 859 462 934 quade
475 857 704 916 Manichaeorum
721 857 822 913 haeresi
836 859 972 924 narravit,
985 876 1016 914 se
1030 876 1066 914 ex
1079 857 1186 915 eisdem
1200 860 1275 919 seua

233 938 362 1008 hausisse
382 936 513 1012 ingenue
527 937 636 995 fatetur
655 936 705 995 lib.
722 938 741 995 i.
765 957 827 1015 cap.
842 939 892 997 22.
925 939 1036 995 Eorum
1056 939 1185 1015 insuper,
1206 947 1277 999 tau-

232 1036 319 1094 quam
339 1018 375 1075 ab
397 1019 582 1093 Hegemonio
596 1019 719 1094 quodam
735 1019 918 1095 scriptorum,
933 1019 1108 1075 mentionem
1121 1018 1195 1076 facit
1208 1017 1275 1079 Hes.

231 1098 374 1155 melianus
389 1099 631 1156 Chalcedonensis
646 1099 807 1176 episcopus,
823 1109 855 1156 ut
869 1116 955 1176 supra
968 1099 1077 1156 dictum
1092 1107 1146 1162 est.
1176 1098 1275 1157 Deni-

231 1198 287 1255 que
301 1179 436 1236 Archelai
455 1180 546 1236 nostri
565 1198 685 1256 operum
700 1178 892 1254 fragmentum
907 1180 1050 1237 contineri
1063 1180 1094 1236 iu
1107 1180 1200 1239 veteri
1213 1180 1280 1237 Cu?

231 1270 300 1318 tenu
314 1259 481 1316 Graecorum
494 1259 613 1316 Patrum
627 1261 656 1317 iu
672 1258 861 1334 Evangelium
875 1259 1010 1327 loannis,
1024 1279 1088 1336 quta
1102 1259 1228 1317 hebetur
1239 1261 1274 1317 iu

231 1340 340 1418 scripto
356 1340 493 1397 Cesarea
506 1339 689 1396 bibliothece
704 1340 813 1407 codice,
827 1341 909 1396 testis
924 1350 968 1396 est
981 1339 1154 1397 lambecius
1165 1339 1221 1399 lib.
1229 1359 1275 1401 ur

231 1421 345 1478 Comm.
356 1421 391 1476 de
402 1421 501 1477 eadem
511 1419 687 1476 bibliotheca
699 1420 797 1476 codice
809 1437 859 1478 xc.
871 1421 949 1496 quod
959 1421 1058 1497 utique
1067 1439 1105 1477 ex
1113 1419 1273 1561 1]υῇωὲ-

229 1502 388 1580 putationis
404 1502 475 1558 actis
490 1500 671 1578 desumptum
684 1499 772 1556 fuisse
784 1518 843 1556 nou
854 1500 964 1559 dubito.
982 1501 1060 1576 (Vid.
1072 1499 1181 1559 calcent
1248 1501 1272 1575 .)

268 1580 413 1638 Preterea
434 1601 471 1638 ex
491 1581 647 1637 eorundem
667 1590 798 1637 actorum
818 1591 901 1638 textu
921 1583 1000 1640 varia
1019 1591 1190 1656 argumenta
1208 1582 1273 1640 erui

228 1671 361 1742 possunt,
376 1662 479 1738 quibus
500 1681 599 1718 corum
618 1661 786 1737 antiquitas,
803 1670 890 1738 atque
911 1663 1067 1740 synceritas
1088 1662 1272 1720 demonstra-

228 1756 285 1802 tur.
309 1742 466 1800 Archelaus
482 1743 558 1798 enim
571 1760 634 1818 cap.
647 1742 735 1799 xxvii.
750 1750 779 1798 et
793 1744 912 1801 xxxviii.
925 1744 1019 1801 varios
1032 1743 1184 1799 haereticos
1198 1761 1273 1801 eurr·

229 1843 353 1890 metans,
367 1825 511 1880 nemiuem
532 1822 657 1880 Sabellio
676 1823 866 1879 recentiorem
887 1823 1023 1901 appellat,
1038 1841 1123 1898 quem
1137 1822 1216 1881 Sixti
1227 1821 1272 1883 Il.

228 1904 417 1981 temporibus,
432 1904 480 1980 qui
498 1922 575 1961 anno
589 1904 697 1959 Christi
714 1920 833 1963 ccuvu.
849 1912 879 1961 et
893 1921 1028 1960 ccnvru.
1044 1903 1210 1964 Romam
1221 1920 1273 1960 eu·

229 1985 344 2043 clesiam
358 1985 443 2050 rexit,
457 2003 475 2040 a
494 1984 636 2059 Dionysio
655 1982 853 2040 Alexandrino
872 1984 1014 2042 haereseos
1035 1992 1201 2043 accusatum
1221 1982 1273 2042 fu-

227 2067 284 2122 isse
296 2073 411 2123 constat
424 2084 459 2121 ex
473 2063 601 2120 Eusebio
621 2065 650 2121 in
670 2063 804 2120 Historia
816 2064 1021 2122 Ecclesiastico
1033 2063 1085 2123 lib.
1095 2063 1144 2122 vii.
1159 2083 1225 2143 cup.
1234 2064 1272 2124 ,6.
1284 2112 1288 2117 .

226 2123 364 2204 Mehsinit
381 2163 494 2220 quoque
512 2143 671 2202 obsidionis
687 2145 851 2211 Carrarum,
867 2147 913 2202 cui
936 2153 1106 2222 presentem
1127 2162 1159 2201 se
1178 2144 1274 2205 fonce

227 2235 350 2302 testatur
364 2244 427 2303 cap.
439 2227 516 2282 xxiv.
531 2243 594 2299 qua
614 2224 694 2282 nulla
712 2224 769 2280 alia
787 2225 899 2282 videtur
916 2245 978 2283 esse
996 2244 1091 2303 posse,
1106 2243 1194 2301 quam
1206 2224 1270 2294 itti,

227 2327 290 2384 quar
304 2305 357 2362 sub
371 2306 526 2362 Valeriano
543 2307 677 2380 Augusto
698 2305 832 2380 contigit,
848 2325 913 2363 cum
933 2306 1043 2363 scilicet
1064 2326 1082 2362 a
1099 2304 1195 2361 Persis
1216 2324 1269 2363 ex-

226 2401 355 2467 pugnata
368 2387 444 2457 fuit,
467 2385 513 2443 vel
534 2385 590 2442 alia
608 2386 661 2442 sub
678 2385 822 2452 Gallieno,
837 2406 900 2445 cum
916 2386 952 2444 ab
968 2386 1124 2444 Odenatho
1137 2384 1270 2453 Orientis

226 2488 294 2546 rege
314 2467 407 2524 Persis
429 2475 527 2543 erepta
544 2468 574 2522 in
596 2466 725 2525 Romani
743 2465 860 2543 Imperii
879 2468 1018 2524 ditionem
1032 2468 1137 2526 iterum
1150 2466 1270 2525 redacta

226 2551 292 2619 fuit,
305 2547 451 2607 Trebellio
465 2546 598 2604 Pollione
612 2557 684 2604 teste
705 2548 736 2603 in
758 2545 892 2604 Gallieno
906 2567 969 2625 cap.
984 2569 1012 2607 x.
1028 2556 1057 2603 et
1070 2547 1122 2604 xii.
1153 2545 1269 2606 Eomm

224 2633 341 2707 iusuper
358 2629 534 2686 mentionem
555 2628 625 2685 facit
644 2648 708 2704 cap.
720 2627 762 2684 lii.
776 2628 825 2703 qui
840 2646 891 2704 per
909 2637 1061 2704 parentum
1079 2625 1268 2685 traditionem

225 2710 373 2787 Scythiani
396 2710 525 2766 haretici
547 2709 755 2786 Apostolorum
781 2707 959 2784 temporibus
983 2708 1103 2764 viventis
1129 2707 1269 2768 notitiam

224 2790 396 2855 habuerant,
411 2789 522 2864 sibique
537 2788 677 2845 nonnulla
696 2789 731 2844 de
753 2789 814 2867 ejus
833 2789 935 2846 haeresi
949 2796 1143 2847 narraverant.
1185 2787 1269 2850 Quin

225 2881 255 2928 et
275 2870 346 2928 varii
366 2869 478 2942 antiqui
499 2887 603 2934 mores,
625 2870 656 2923 in
676 2868 756 2924 hisce
777 2870 848 2926 actis
867 2869 1029 2937 memorati,
1046 2869 1081 2925 de
1098 2868 1268 2925 corumdem

226 2949 398 3027 synceritate
411 2966 465 3004 nos
480 2946 612 3004 dubitare
625 2967 685 3006 uon
699 2949 807 3007 sinunt.
845 2949 923 3005 Nam
937 2949 967 3004 iu
981 2950 1045 3026 ipso
1058 2950 1202 3006 Actorum
1215 2966 1266 3005 ex·

225 3031 307 3098 ordio
331 3029 436 3085 dicitur
460 3026 614 3084 nonnullos
639 3047 675 3085 cx
700 3027 900 3086 Romanarum
924 3028 1087 3104 Legionum
1111 3027 1270 3096 militibus,

224 3108 357 3170 Marcelli
375 3107 575 3164 misericordia
598 3108 729 3185 exemplo
744 3117 916 3176 commotos,
931 3110 1063 3186 deposito
1076 3107 1188 3165 militiae
1203 3108 1267 3166 cin·

225 3190 305 3269 gulo,
320 3188 491 3246 Christiana
511 3187 577 3247 fidei
594 3207 701 3245 nomen
721 3190 842 3256 dedisse,
858 3189 934 3264 quod
950 3188 1155 3264 antiquissimis
1171 3187 1264 3246 eccle-

224 3274 273 3330 sie
287 3267 464 3347 temporibus
479 3288 495 3324 a
510 3268 682 3329 Christianis
704 3269 854 3336 militibus,
868 3288 905 3326 ue
923 3269 1106 3344 Paganorum
1121 3287 1266 3327 commer-

223 3353 280 3418 cio,
303 3359 332 3406 et
350 3347 601 3426 superstitionibus
622 3349 843 3416 macularentur,
865 3349 974 3406 factum
995 3349 1093 3415 fuisse,
1113 3342 1198 3406 testis
1219 3358 1265 3410 est

222 3427 417 3490 Tertullianus
432 3429 467 3485 de
481 3429 599 3494 Corona
618 3428 716 3486 militis
731 3449 795 3507 cap.
807 3431 847 3487 xi.
861 3429 967 3504 aliique
981 3429 1011 3485 in
1025 3429 1130 3485 nostris
1145 3428 1183 3485 ad
1197 3447 1265 3488 eum

223 3514 319 3572 locum
339 3510 417 3566 notis
438 3507 557 3568 laudati.
597 3507 769 3583 Marcellum
782 3529 896 3585 quoque
910 3510 961 3575 ait,
976 3509 1103 3586 hospitia
1115 3509 1146 3564 in
1160 3508 1263 3567 Chrit-

222 3595 366 3650 timorum
380 3589 623 3666 peregrinantium
638 3608 720 3646 usum
734 3609 784 3667 per
799 3591 857 3646 vias
872 3590 964 3664 regias
979 3587 1185 3656 construxisse,
1197 3609 1264 3666 qua

223 3693 240 3730 a
255 3670 349 3728 Carris
370 3671 401 3725 in
421 3668 568 3731 Persidem
586 3668 740 3737 ducebant,
755 3671 831 3745 quod
852 3670 952 3725 itidem
968 3668 1004 3725 ab
1020 3669 1145 3743 antiquis
1159 3669 1264 3727 Chris·

223 3751 320 3815 tianis,
333 3751 380 3824 qui
395 3747 522 3806 sedulam
535 3748 726 3826 hospitalitati
740 3768 858 3826 operam
872 3748 1064 3816 dabant,s1eri
1078 3749 1266 3818 consuevisse

223 3841 320 3911 aperte
340 3828 485 3902 colligitur
503 3847 540 3885 ex
557 3829 692 3904 Gregorii
709 3829 891 3886 Nazianzeui
911 3830 1052 3887 invectiva
1072 3828 1098 3887 1.
1115 3828 1147 3885 iu
1165 3827 1262 3885 Julia-

222 3931 292 3975 uum
314 3916 486 3985 apostatam,
500 3907 550 3964 ubi
571 3908 779 3985 Imperatorem
798 3911 875 3966 hunc
897 3910 1062 3976 diversoria,
1083 3916 1112 3965 et
1131 3908 1265 3985 hospitia

221 4012 274 4071 per
293 3989 393 4047 orbem
412 3986 589 4055 Romanum,
611 3989 841 4046 Christianorum
865 3988 998 4066 exemplo.
1020 3987 1151 4047 {edificari
1176 3986 1263 4049 meu-

221 4074 304 4130 dasse
316 4077 450 4137 testatur,
464 4078 498 4123 ut
516 4067 699 4142 Paganorum
716 4068 967 4146 superstitionibus
982 4067 1119 4145 majorem
1133 4067 1265 4141 leudem,

220 4151 489 4228 venerationemque
502 4147 677 4212 conciliaret.
711 4149 821 4213 Narrat
833 4149 954 4228 insuper
962 4147 1122 4211 Archelaus
1135 4165 1201 4229 cap,
1211 4147 1268 4219 lis,
