2684 4740
340 333 490 402 GESTA
511 335 639 403 APUD
664 332 986 402 ZENOPHILUM.
1121 352 1180 400 ror

143 503 397 573 :rir'ciarissimus
412 507 589 574 consularis
604 505 704 573 dixit:
719 506 802 595 Quis
816 505 960 571 vocaris?
984 503 1182 591 Respondit:

154 613 268 704 Victor.
306 615 506 702 Zenophilus
520 618 562 683 V.
575 615 615 680 C.
631 617 807 682 consularis
822 615 922 681 dixit:
948 611 1053 700 Cujus
1067 612 1181 678 condi·

151 722 239 790 tionis
250 725 308 788 esi
339 723 455 790 Victor
469 723 568 790 dixit:
594 726 758 791 Professor
773 747 846 790 sum
861 726 1079 790 Romanarum
1093 723 1183 790 litte·

146 855 262 914 rarum,
278 834 519 899 Grammaticus
533 836 679 901 Latinus.
709 834 908 920 Zenophilus
920 834 963 899 V.
978 832 1018 897 C.
1033 832 1185 899 consula·

144 943 184 1009 ris
198 942 303 1008 dixit:
328 941 432 1030 Cujus
447 943 613 1029 dignitatis
628 951 685 1012 es?
714 945 829 1010 Victor
843 943 942 1008 dixit:
967 943 1058 1007 Patre
1072 943 1185 1008 Decu-

144 1053 233 1119 rione
253 1052 596 1134 Constantiniensium,
614 1075 673 1120 avo
691 1053 811 1132 milite:
836 1054 870 1118 in
888 1052 1046 1118 comitatu
1064 1052 1185 1118 milita·

144 1172 251 1227 verat:
277 1183 352 1225 nam
377 1160 470 1247 origo
492 1172 603 1225 nostra
627 1160 667 1227 de
687 1160 844 1247 sanguine
866 1161 986 1225 Mauro
1008 1159 1184 1227 descendit.

146 1269 346 1356 Zenophilus
359 1270 401 1334 V.
415 1268 456 1334 C.
471 1268 648 1334 consularis
664 1267 745 1334 dixit
757 1295 766 1334 s
787 1269 920 1333 Memor
935 1266 1007 1334 fidei
1020 1280 1054 1333 et
1068 1267 1185 1333 hones·

145 1378 217 1443 tatis
231 1389 298 1442 ture
317 1375 505 1463 simpliciter
519 1376 654 1463 designa
668 1399 741 1463 quae
754 1397 853 1441 cansa
866 1375 964 1440 fuerit
978 1375 1185 1442 dissensionis

145 1486 227 1552 inter
246 1486 474 1565 Christianos„
492 1485 609 1553 Victor
631 1486 729 1552 dixit:
758 1488 832 1571 Ego
853 1485 1060 1550 dissensionis
1084 1485 1184 1571 origi·

142 1616 215 1660 nem
233 1595 361 1660 nescio:
385 1616 469 1660 unus
485 1617 557 1660 sum
572 1595 613 1660 de
628 1595 752 1683 populo
769 1593 1039 1660 Christianorum.
1078 1594 1187 1680 Siqui-

144 1703 314 1769 demeum
334 1726 437 1770 essem
462 1705 548 1792 apud
567 1705 813 1792 Carthaginem,
828 1705 995 1770 Secundus
1015 1704 1186 1792 episcopus

143 1834 218 1878 cum
230 1812 464 1898 Carthaginem
480 1814 610 1879 tandem
625 1815 798 1902 aliquando
811 1815 957 1895 venisset,
972 1813 1123 1879 dicuntur
1137 1814 1187 1879 in·

146 1922 266 1987 venisse
283 1921 497 1987 Caecilianum
516 1923 705 2010 episcopum
727 1924 859 1989 ‘nescio
881 1924 999 2012 quibus
1018 1945 1082 1988 non
1100 1936 1187 1988 recte

144 2031 376 2110 constitutum
392 2029 440 2095 illi
454 2044 566 2096 contra
576 2032 675 2096 alium
687 2033 906 2097 instituerunt.
929 2031 1009 2097 Inde
1023 2031 1088 2096 illic
1100 2029 1188 2117 apud

145 2141 378 2228 Carthaginem
392 2152 501 2228 coepta
514 2141 671 2207 dissensio
688 2155 757 2221 est:
780 2153 813 2206 et
832 2141 906 2206 inde
926 2141 1085 2226 originem
1106 2139 1187 2205 scire

145 2250 350 2316 dissensionis
372 2249 467 2336 plene
491 2273 556 2317 non
580 2274 724 2337 possum,
746 2251 902 2339 quoniam
926 2271 1053 2337 semper
1077 2249 1188 2316 civitas

144 2375 251 2428 nostra
272 2384 372 2427 unam
391 2361 559 2427 ecclesiam
581 2362 690 2442 habet,
709 2375 743 2427 et
763 2362 791 2427 si
811 2361 926 2427 habuit
945 2360 1188 2440 dissensionem,
1247 2347 1251 2354 ⁸

144 2471 306 2537 nescimus
331 2469 477 2534 omnino.
522 2469 722 2557 Zenophiins
747 2471 791 2536 V.
807 2468 848 2534 C.
877 2470 1055 2534 consularis
1081 2468 1186 2533 dixit:

145 2571 273 2647 Silvano
292 2579 535 2644 communicas?
558 2580 674 2645 Victor
692 2578 881 2666 respondit:
906 2578 984 2664 Ipsi.
1022 2575 1188 2663 Zenophi·

136 2689 192 2755 vins
207 2690 253 2754 V.
267 2688 308 2754 C.
327 2687 505 2753 consularis
524 2685 625 2754 dixit:
649 2688 719 2753 Cur
739 2710 820 2774 ergo
841 2687 1022 2752 intermisso
1039 2709 1079 2752 eo
1094 2686 1188 2774 cujus

143 2796 328 2863 innocentia
343 2808 481 2883 purgata
493 2799 563 2862 est?
589 2797 633 2862 Et
647 2796 785 2884 adjecit:
802 2795 1019 2860 Adseveratur
1033 2809 1189 2881 praeterea

145 2919 176 2973 te
187 2905 281 2972 aliud
294 2905 470 2970 certissime
485 2905 579 2984 scire,
593 2905 681 2991 quod
697 2905 843 2970 Silvanus
858 2903 995 2970 traditor
1008 2906 1068 2983 sit:
1086 2904 1127 2970 de
1146 2926 1187 2969 eo

143 3015 310 3081 confitere.
342 3014 458 3081 Victor
472 3013 660 3100 respondit:
682 3015 758 3078 Hoc
773 3013 893 3078 nescio.
927 3013 1126 3099 Zenophilus
1141 3013 1185 3078 V.

146 3121 380 3188 C..consulsris
398 3121 605 3187 Nundinario
623 3121 759 3187 diacono
776 3122 876 3187 dixit:
900 3122 1011 3206 Negat
1025 3142 1060 3185 se
1074 3121 1188 3187 Victor

139 3232 227 3298 scire
248 3230 338 3319 quod
361 3230 505 3296 Silvanus
530 3229 665 3295 traditor
688 3229 740 3294 sit.
784 3227 1007 3294 Nundinarius
1031 3228 1186 3293 diaconus

145 3339 245 3406 dixit:
270 3339 340 3404 Scit
351 3338 432 3426 ipse,
447 3361 525 3404 uum
540 3336 673 3404 tradidit
687 3337 828 3402 codices.
865 3335 981 3402 Victor
998 3337 1163 3422 respondit
1173 3333 1197 3400 :¹

137 3447 307 3536 -aneram
320 3446 404 3511 hane
415 3457 640 3532 tempestatem
648 3469 658 3525 3
673 3460 719 3525 et,
730 3444 758 3509 si
772 3444 922 3524 mentior,
934 3464 1075 3530 peream.
1099 3445 1186 3511 Cum

146 3554 310 3622 incursum
327 3567 511 3642 pateremur
523 3555 697 3642 repentinae
711 3552 954 3640 persecutionis,
965 3554 1140 3639 fugivimus
1153 3557 1187 3620 in

147 3676 292 3730 montem
309 3662 474 3728 Bellonae:
502 3664 577 3748 Ego
592 3662 745 3727 sedebam
760 3683 835 3726 curn
851 3662 960 3725 Marte
975 3662 1132 3745 diacono;
1152 3677 1187 3731 et

142 3771 261 3838 Victor
273 3771 452 3858 presbyter,
468 3792 542 3834 cum
561 3771 604 3835 ab
620 3771 735 3836 eodem
756 3771 865 3835 Marte
880 3787 1098 3856 quaererentur
1111 3796 1186 3839 om-

149 3899 200 3943 nes
220 3877 364 3956 codices,
387 3877 516 3963 negavit
536 3898 572 3942 se
593 3877 734 3943 habere:
759 3878 852 3942 Tunc
875 3878 991 3943 Victor
1014 3879 1104 3944 dedit
1125 3903 1185 3944 no-

145 3983 234 4049 mina
246 3982 395 4051 omnium
410 3982 590 4049 lectorum:
613 3985 759 4050 Ventum
777 3998 828 4049 est
846 3983 886 4049 ad
906 3983 1041 4052 domum
1060 4006 1184 4052 meam:

152 4088 234 4158 Cum
247 4091 363 4158 absens
376 4111 494 4171 essem,
508 4111 678 4156 ascensum
691 4104 741 4156 est
754 4113 774 4154 a
784 4090 1040 4178 magistratibus,
1055 4103 1088 4158 et
1106 4093 1184 4158 snb·

402 4243 416 4268 ⁸
422 4233 475 4295 for.
486 4247 502 4283 s
513 4235 595 4284 nescio
606 4233 707 4296 quibus,
716 4231 765 4294 vel,
777 4233 921 4297 nescioqui.

638 4333 663 4377 H
679 4325 697 4377 3
