2684 4740
222 311 464 381 ARCHELAI
484 312 541 376 ET
562 308 769 376 MANETIS
790 305 1077 374 DISPUTATIO.
1114 322 1176 393 173

143 485 239 565 latis,
254 505 294 550 ex
311 482 431 570 quibus
440 481 568 569 judices
582 480 693 566 elegit,
708 477 864 565 religione
879 477 1029 564 gentiles,
1043 489 1184 564 quatuor

143 615 290 672 numero,
306 614 444 679 quorum
461 592 531 656 haec
546 606 620 656 sunt
633 591 776 669 nomina,
789 589 967 675 Manippus
988 601 1006 633 ¹¹
1016 609 1182 674 gramm·

143 705 213 771 ticae
225 703 316 780 artis,
332 714 366 766 et
385 700 563 786 disciplina
584 699 753 764 rhetorica
774 696 997 784 peritissimus,
1013 695 1183 782 AEgialeus

144 815 301 882 archiater
322 812 554 890 nobilissimus,
573 825 607 877 et
626 811 725 877 literis
745 810 888 897 apprime
910 808 1065 889 eruditus,
1082 807 1183 873 Clau-

146 924 215 989 dius
229 935 266 987 et
279 920 460 986 Cleobolus
473 919 539 985 duo
554 921 668 985 fratres
681 921 806 1006 egregii
818 931 835 963 ⁰
844 916 1000 982 rhetores.
1039 919 1092 984 Fit
1105 935 1186 1005 ergo

147 1030 338 1118 magnificus
357 1041 546 1109 conventus,
567 1029 614 1094 ita
634 1044 671 1092 ut
694 1030 811 1094 domus
834 1027 995 1105 Marcelli,
1018 1050 1092 1115 quse
1117 1041 1187 1091 erat

148 1141 317 1216 immensa,
341 1137 519 1224 repleretur
541 1158 581 1202 ex
607 1138 668 1217 his,
692 1137 749 1224 qui
775 1137 815 1201 ad
840 1135 1036 1201 audiendum
1061 1137 1189 1202 fuerant

148 1248 300 1314 avocati:
325 1261 361 1311 et
385 1268 462 1311 cum
486 1246 520 1310 in
543 1259 718 1332 conspectu
741 1245 887 1310 omnium
913 1245 1130 1310 constitissent
1153 1244 1189 1325 ii,

150 1358 204 1446 qui
217 1349 388 1422 adeersum
404 1376 438 1420 ae
452 1354 557 1420 dicere
571 1356 804 1441 proponebant,
819 1366 897 1418 tunc
919 1354 965 1419 illi
987 1355 1080 1420 electi
1097 1355 1190 1443 judi·

151 1489 202 1535 aes
215 1465 409 1531 excelsiores
424 1465 575 1528 omnibus
590 1463 813 1544 consederunt,
824 1478 923 1552 atque
937 1464 1047 1531 Manae
1063 1465 1190 1530 dicendi

152 1578 275 1643 initium
298 1575 409 1640 datum
435 1589 496 1639 est.
541 1575 675 1640 Silentio
697 1575 799 1662 igitur
819 1575 917 1654 facto,
939 1575 1106 1661 aprimum
1128 1596 1189 1661 ag·

152 1685 423 1775 gressusesthoc
437 1684 547 1748 modo.
1184 1688 1189 1695 ’

190 1794 294 1859 Xlll.
325 1793 433 1878 ¹sEgo‚
447 1792 517 1856 Viri
533 1793 657 1870 fratres,
674 1790 797 1856 Christi
812 1790 944 1877 quidem
960 1811 1032 1855 sum
1049 1788 1190 1877 discipu·

155 1903 212 1984 lus,
237 1901 406 1990 apostolus
431 1923 505 1966 vero
530 1902 630 1979 Jesu3
659 1922 719 1987 pro
740 1899 839 1963 nimia
860 1913 968 1964 autem
990 1898 1192 1966 humanitate

155 2011 305 2081 Marcelli
327 2009 438 2074 adesse
460 2009 618 2090 festinavi,
638 2024 677 2074 ut
700 2009 837 2095 qualiter
857 2020 1006 2095 oporteat
1026 1999 1193 2075 observare

155 2121 290 2189 modum
312 2119 427 2184 divinae
449 2119 614 2205 religionis
634 2140 710 2183 eum
732 2118 905 2183 edoceam:
934 2141 973 2183 ne
996 2119 1080 2183 sicut
1100 2133 1193 2184 muta

156 2231 315 2309 animalia,
331 2253 404 2318 quae
418 2229 584 2295 intellectu
598 2243 719 2309 carent,
732 2251 790 2294 nec
804 2229 881 2315 quid
896 2240 998 2314 agunt
1012 2228 1193 2309 advertunt,

156 2341 199 2408 ita
209 2341 311 2407 etiarn
327 2339 515 2418 Marcellus,
525 2340 579 2426 qui
594 2362 679 2404 nunc
694 2362 728 2402 se
742 2339 829 2403 velut
843 2337 1024 2402 dedititium
1037 2338 1192 2404 doctrinae

156 2450 310 2516 Archelai
331 2449 525 2537 subjugavit,
542 2448 587 2512 ,ad
608 2448 760 2513 ultimum
779 2447 898 2512 damno
920 2428 1034 2511 animae
1049 2448 1192 2528 feriatur,

156 2581 231 2624 cum
246 2557 464 2646 praeparandae
479 2557 576 2622 divini
590 2557 696 2622 cultus
715 2558 924 2622 observantiae
942 2557 1112 2622 ultranon
1135 2557 1194 2621 ha-

156 2669 264 2735 buerit
276 2666 473 2733 facultatem.
496 2667 572 2730 Scio
585 2680 694 2731 autem
706 2680 738 2729 et
750 2677 856 2730 certus
869 2687 953 2743 sum,
967 2666 1056 2751 quod
1070 2679 1197 2730 semen·

157 2778 237 2844 dato
251 2776 421 2856 Marcello,
437 2777 532 2841 etiarn
548 2799 606 2840 voe
618 2798 731 2840 omnes
745 2775 822 2840 salvi
835 2797 906 2839 esse
919 2775 1064 2860 poteritis
1071 2800 1081 2856 3
1096 2776 1198 2862 ipsius·

157 2888 245 2953 enim
269 2886 394 2974 judicio
417 2908 570 2972 suspensa
595 2885 716 2971 pendet
739 2883 814 2949 urbs
841 2896 965 2950 vestra:
996 2886 1083 2973 quod
1105 2885 1197 2952 sirab

156 3017 359 3083 unoquoque
382 3006 522 3059 vestrum
549 2994 719 3080 abjiciatur
746 3015 825 3057 vana
850 2993 1071 3080 praesumptio,
1099 3009 1133 3060 et
1159 3017 1198 3061 ea

158 3129 235 3194 quae
258 3105 407 3171 dicentur
430 3129 450 3171 a
471 3130 535 3185 me,
555 3110 619 3172 veri
644 3131 753 3174 amore
774 3104 956 3188 audiantur,
977 3109 1077 3175 futuri
1099 3110 1204 3176 seculi·

158 3213 397 3294 haereditatem,
413 3216 567 3281 caelorum
587 3238 686 3303 regna
708 3218 850 3308 capietis.
895 3219 974 3282 Sum
990 3219 1120 3304 quidem
1135 3241 1200 3308 ego

161 3323 348 3401 Paraclitus,
362 3325 418 3412 qui
434 3326 475 3389 ab
488 3328 567 3391 Jesu
581 3327 666 3391 mitti
680 3327 852 3413 praedictus
871 3349 954 3407 sum,
977 3333 988 3372 ⁷
1002 3328 1043 3390 od
1065 3350 1202 3416 arguens

194 3496 208 3524 ¹¹
225 3489 309 3536 Codex
321 3488 454 3545 Bobiensis,
464 3490 624 3551 grammaticus
641 3501 661 3537 et
678 3491 801 3554 discipline
815 3493 928 3538 rhetorica
944 3491 1000 3538 artis
1012 3492 1168 3555 peritissimus,
1181 3505 1203 3542 et

159 3567 275 3631 AEgidiur.
304 3568 402 3616 Horum
413 3578 496 3617 autem
505 3571 621 3618 lodicum
633 3573 752 3633 primum,
765 3572 901 3621 Gentilium
916 3573 1075 3636 philosophia
1085 3577 1203 3636 professo·

158 3664 225 3707 rem,
239 3643 378 3717 socundirm
397 3649 533 3709 Medicum,
551 3652 650 3699 tertium
665 3654 863 3713 grammaticum,
879 3666 993 3716 quartum
1009 3657 1128 3704 rhetorem
1145 3657 1202 3706 facit

159 3731 316 3794 Epiphanius
328 3744 398 3778 num.
411 3741 449 3779 10.
482 3730 615 3794 (karitate
626 3734 726 3782 exhibet
738 3733 906 3797 Epiphanius.)
1181 3726 1183 3733 ’

194 3824 208 3846 ⁰
225 3811 308 3859 Codex
318 3810 465 3870 Cannensis,
478 3823 575 3861 rectores.

193 3896 210 3936 t>
227 3891 311 3939 Codex
321 3892 455 3951 Boblensis,
467 3893 588 3940 convocati.

193 3977 210 4016 ⁴1
227 3971 311 4020 Codex
323 3973 471 4032 casinensis,
479 3973 586 4035 plurima.

195 4057 207 4084 ¹
226 4053 284 4101 Huc
296 4068 374 4119 usque
384 4053 494 4105 Valesius
504 4055 576 4101 edidit
586 4069 617 4109 ert
629 4056 711 4103 codice
723 4056 842 4107 Bobiensi.

197 4144 209 4169 ·
225 4131 254 4181 ln
266 4134 349 4182 codice
360 4133 494 4196 Casiuensi,
506 4135 563 4183 caim
574 4136 632 4183 dato.

578 4226 588 4262 ⁷
606 4225 733 4284 loanxvi
744 4237 767 4273 a.
