2684 4740
174 254 414 381 nacnnnnr
435 314 491 381 ur
509 312 717 380 manans
737 285 1027 382 ursrurnrro.
1060 327 1126 400 23⁷

17 470 20 473 ’
88 483 172 549 niret
186 482 280 571 cujus
293 497 343 550 est
353 486 365 564 3'
386 485 423 550 et
433 495 507 571 post
522 482 722 571 aliquantum
738 496 868 570 tempus
887 483 1057 548 adveniens
1072 494 1130 570 pa-

89 607 140 659 ter
158 617 233 659 oves
254 596 388 681 recepit.
431 597 554 660 Nonne
568 616 625 680 per
640 593 749 658 omnia
763 593 975 658 honorabitur
998 592 1131 679 quidem

88 703 131 767 ab
145 725 198 784 eo,
213 705 267 770 cui
281 704 413 769 tradidit
425 725 580 790 gregem3
603 702 795 788 gloriabitur
807 723 881 765 vero
895 702 937 765 ab
952 701 1002 782 iis,
1019 703 1076 788 qui
1089 703 1131 767 ab

89 834 129 876 eo
143 815 322 879 conservati
336 815 429 878 suntl
453 813 536 900 Quis
559 812 659 898 igitur
680 812 725 876 ita
746 812 864 875 mentis
888 811 1009 876 insanae
1029 822 1089 890 est,
1108 832 1130 875 o

89 922 299 987 dilectissime
314 923 474 1003 Diodore‚
488 934 525 988 ut
540 922 661 986 alienos
684 942 755 985 ase
776 920 862 985 dicat
882 941 949 1000 eos,
971 915 1028 1007 qui
1049 919 1133 985 inter

89 1051 125 1094 se
139 1032 305 1119 conjuncti
319 1045 408 1112 sunt,
423 1032 480 1120 qui
500 1053 559 1118 pro
579 1053 614 1095 se
634 1029 768 1095 invicem
788 1028 1032 1115 prophetarunt,
1053 1028 1133 1116 equi

90 1140 242 1226 aqualia,
257 1155 291 1207 et
313 1143 374 1207 sibi
396 1141 524 1219 similia,
547 1156 646 1227 atque
668 1151 817 1224 cognata,
839 1137 908 1203 imo
927 1138 1035 1224 potius
1055 1158 1132 1224 ger·

89 1270 188 1312 mana
207 1250 313 1337 signa,
334 1272 374 1316 ac
394 1250 545 1337 prodigia
566 1249 845 1314 demonstrarunt?
881 1251 925 1312 Et
939 1248 1045 1334 primo
1059 1247 1132 1335 qui·

90 1355 164 1421 dem
182 1361 317 1446 Moyses
332 1357 373 1423 ad
385 1359 545 1446 populum
566 1359 665 1423 dixit:
685 1357 893 1442 ⁹Prophetcm
906 1356 989 1422 vobis
1002 1356 1133 1422 suscita·

91 1464 137 1528 bit
152 1467 306 1531 Dominus
321 1469 410 1532 Deua
427 1472 530 1532 noster
547 1466 626 1531 sicut
646 1476 706 1531 nne.
743 1469 838 1532 Jesus
859 1467 976 1531 deinde
992 1467 1049 1547 ait,
1071 1465 1132 1531 ¹de

91 1597 145 1638 me
166 1575 253 1639 enim
275 1578 409 1664 Moyses
425 1576 556 1641 locutus
571 1589 632 1641 est.
668 1575 789 1642 ‘Vides
803 1576 970 1664 quomodo
985 1577 1132 1642 dexteras
1187 1659 1200 1672 υ

91 1684 153 1748 sibi
168 1684 302 1749 invicem
317 1685 459 1763 tradunt,
473 1685 644 1772 &quamvis
664 1685 743 1749 alter
758 1686 931 1771 Propheta,
945 1685 1043 1750 ²alter
1057 1707 1131 1750 vero

91 1793 192 1857 Filius
205 1794 247 1858 sit
263 1794 400 1859 dilectus
406 1819 416 1874 3
431 1794 513 1858 alter
529 1793 632 1857 fidelis
647 1793 798 1873 famulus,
814 1793 895 1858 alter
915 1815 989 1857 vero
1009 1794 1129 1859 Domi-

92 1925 153 1966 nus
169 1917 374 1989 agnoscatur.
419 1902 483 1966 Sed
506 1915 539 1967 et
560 1900 737 1990 quondam,
753 1901 862 1967 volens
881 1903 951 1989 quis
973 1903 1040 1967 sine
1063 1923 1132 1988 pae-

93 2010 227 2098 dagogo
243 2013 288 2076 ire
306 2012 347 2077 ad
361 2012 500 2092 scholas,
516 2034 580 2076 non
595 2011 768 2098 suscipitur
781 2034 800 2076 a
813 2012 972 2098 magistro
991 2011 1131 2092 dicente,

92 2144 158 2188 non
170 2124 247 2188 'eum
264 2124 449 2209 suscipiam,
462 2124 523 2187 nisi
538 2124 698 2210 acceperit
712 2121 943 2210 paedagogum.
987 2122 1071 2188 Quis
1090 2122 1133 2189 sit

92 2241 225 2311 autem,
237 2231 278 2296 de
297 2253 364 2318 quo
383 2232 532 2311 dicimus,
546 2233 684 2298 breviter
698 2253 868 2317 exponam.
905 2235 916 2270 ³
930 2233 1042 2296 Homo
1058 2231 1132 2318 qui·

92 2338 167 2403 dam
182 2352 251 2403 erat
264 2339 364 2420 dives,
378 2341 541 2424 gentiliter
554 2342 674 2421 vivens,
688 2341 721 2405 in
734 2341 839 2405 multa
849 2339 975 2405 luxuria
988 2338 1134 2427 quotidie

91 2448 235 2535 degens3
257 2448 337 2514 alius
353 2473 426 2516 vero
442 2472 564 2536 pauper
576 2450 645 2514 erat
660 2449 781 2515 vicinus
794 2450 877 2536 ejus,
892 2452 948 2536 qui
964 2472 1004 2513 ne
1022 2450 1133 2536 quoti·

92 2559 226 2624 dianum
242 2560 372 2646 quidem
388 2562 497 2625 cibum
512 2560 667 2645 hpoterat
679 2560 830 2624 invenire.
875 2558 1007 2623 Accidit
1019 2571 1133 2624 utrun-

91 2689 157 2756 que
171 2670 238 2734 vita
249 2665 420 2748 discedere,
434 2683 467 2734 et
477 2671 509 2733 in
522 2670 682 2735 infernum
698 2667 902 2748 descendere,
913 2682 947 2734 et
960 2685 1133 2755 pauperem

92 2778 179 2843 mitti
199 2779 231 2843 in
254 2779 364 2843 locum
386 2780 520 2866 requici,
544 2780 732 2866 etreliqua,
754 2798 827 2866 quae
841 2779 936 2843 nosti.
973 2779 1134 2844 Verunta-

92 2906 170 2949 men
191 2897 281 2949 erant
300 2886 404 2950 divitis
421 2888 534 2951 fratres
555 2889 710 2973 quinque,
731 2887 789 2951 iea
805 2909 878 2973 quae
891 2899 924 2950 et
938 2887 1006 2972 ipse
1021 2895 1134 2972 egerat

92 3006 226 3079 agentes
247 2993 314 3057 sine
331 2993 432 3058 dubio
455 3017 528 3080 quae
551 2993 640 3058 domi
661 2994 750 3058 atali
763 2993 920 3079 magistro
935 2993 1131 3059 didicissent.

94 3100 235 3185 Rogavit
250 3098 337 3165 dives
355 3102 453 3166 simul
472 3122 537 3164 uno
559 3115 716 3186 tempore,
737 3113 774 3164 ut
797 3100 954 3165 edisceret
974 3099 1133 3185 majorem

94 3208 272 3272 doctrinam
284 3233 295 3288 ;
318 3209 484 3273 Abraham
500 3231 581 3286 ⁴vero
604 3208 721 3287 sciens,
745 3208 898 3295 quoniam
920 3209 1026 3274 adhuc
1047 3209 1133 3274 indi·

93 3328 173 3402 gent
188 3318 384 3403 padagogo,
400 3317 446 3382 ait
459 3317 500 3395 ei,
516 3316 637 3381 habent
649 3317 803 3403 Moysen,
818 3331 853 3382 et
868 3316 1056 3403 Prophetas.
1100 3319 1135 3384 Si

94 3425 179 3488 enim
196 3425 269 3489 illos
284 3446 349 3489 non
365 3425 574 3511 susceperint,
589 3437 627 3489 ut
642 3425 682 3488 ab
697 3445 736 3488 eo
757 3426 842 3490 velut
865 3425 1050 3512 padagogo
1070 3447 1142 3520 guf

126 3701 138 3733 θ
155 3697 239 3744 Codex
249 3697 310 3746 Bob.
321 3697 360 3762 qm·
370 3696 479 3769 aequalia,
491 3707 559 3760 arque
570 3700 672 3760 cognata.
706 3695 778 3758 Mox,
790 3698 948 3763 adpopulum;
965 3700 1109 3768 Prophetae.

125 3774 138 3812 f
154 3775 222 3827 Male
233 3779 370 3828 casinensis
382 3781 468 3839 codex,
484 3780 554 3827 Unde.

126 3863 140 3903 Β
157 3861 225 3908 Male
236 3862 382 3920 Casinensis,
394 3879 470 3926 quam.
608 3923 618 3927 Ἴ,

126 3940 140 3978 ¹¹
157 3942 241 3989 Codex
252 3942 387 3999 Bobiensis,
396 3951 475 4003 potest,
489 3941 554 3991 mala
563 3941 645 3991 lectio.

127 4021 134 4054 t
151 4022 235 4069 Codex
246 4023 380 4080 Bobiensis,
395 4034 416 4069 et
432 4042 457 4069 ea
475 4040 525 4087 qua
540 4024 586 4085 ipse
602 4033 700 4086 gesserat
717 4034 813 4087 agentes.
846 4025 877 4074 Et
894 4025 966 4085 infra,
983 4043 1025 4075 uno
1042 4039 1136 4092 tmpore

94 4101 176 4149 discere
188 4104 292 4165 majorem
302 4105 424 4154 doctrinam
437 4105 465 4150 ab
475 4104 599 4155 Abrabam.
616 4105 730 4152 Abraham
741 4122 804 4155 uero.
823 4107 888 4171 (For.
895 4093 988 4171 legend.
1000 4108 1134 4174 ediscerent.)
1164 4161 1173 4177 ‚

95 4237 331 4288 ⁹Deut.xriii.*ra.
397 4239 490 4288 ¹Joan,
502 4253 527 4287 v.
540 4248 580 4288 to.
650 4221 883 4307 ²(Heb.ii'r.t,o.)
940 4243 1136 4307 ³Laeui-ro.

690 4312 693 4317 .
995 4319 1003 4339 Ι
1102 4309 1104 4317 .
