2684 4740
377 427 960 522 ADDITAMENTUM.

560 679 781 731 -φ-

145 828 480 964 QUAECUNQUE
502 896 522 939 a
542 896 596 940 me
618 895 715 962 supra
736 870 878 937 adducta
900 881 975 934 sunt
991 869 1024 933 S.
1040 862 1193 952 Dionysii

143 960 351 1025 Alexandrini
373 963 570 1049 Fragmenta
590 982 654 1049 ope
674 959 827 1025 codicum
842 957 941 1027 MSS.
958 951 1192 1052 Oxoniensium

143 1047 326 1126 emendata,
350 1070 465 1114 eorum
489 1070 587 1114 causa
609 1047 743 1112 memini
789 1043 857 1110 ueri
878 1043 1009 1129 saepius,
1030 1062 1094 1104 non
1112 1038 1193 1138 mrim

142 1131 271 1196 licuisse
286 1134 391 1199 videre
406 1135 581 1201 editionem
603 1133 751 1199 omnium
805 1130 1016 1220 pusculorum
1039 1124 1193 1212 Dionysii

143 1218 313 1303 separatim
337 1221 561 1302 collectorum,
577 1245 650 1310 quae
670 1223 785 1285 Romae
800 1240 885 1284 anno
904 1222 991 1294 1796.
1008 1212 1192 1301 prodiisset.

145 1303 247 1368 Cous.
274 1307 418 1373 Indicem
441 1307 474 1373 in
496 1333 526 1373 v.
548 1309 582 1375 S.
603 1305 775 1396 Dionysias
798 1304 894 1370 Alex.
917 1302 1099 1389 Episcopus.
1143 1297 1193 1398 ᾼυ

142 1402 230 1454 certe
253 1391 293 1455 ad
320 1393 468 1459 lectionis
492 1396 657 1461 veritatem
681 1392 898 1480 indagandam
925 1411 977 1453 me
1004 1408 1129 1484 parurn·
1138 1407 1195 1472 Ju-

143 1491 247 1542 vasset
267 1500 348 1564 opus
370 1481 476 1560 istud3
500 1494 534 1546 et
555 1481 600 1546 ita
622 1503 703 1560 esse,
725 1492 762 1544 ut
783 1500 848 1566 ego
867 1477 952 1561 dico,
973 1475 1006 1539 id
1027 1472 1094 1572 viso
1109 1471 1193 1535 libro

144 1577 219 1649 post
239 1563 363 1629 editum
388 1567 451 1631 hoc
475 1567 627 1633 ultimum
650 1589 761 1632 meum
776 1564 927 1629 volumen
942 1559 1100 1635 intellexa
1127 1577 1194 1620 non

143 1649 220 1734 quia
251 1672 315 1714 non
347 1653 517 1738 splendido
543 1654 620 1719 satis
648 1665 805 1740 apparatu
833 1649 1009 1716 adornatus
1038 1646 1065 1709 is
1090 1643 1173 1708 liber
1181 1663 1192 1721 3

144 1733 201 1798 sed
230 1737 306 1822 quia
331 1738 534 1826 Dionysiana
562 1740 629 1818 illa,
657 1761 732 1826 quae
762 1737 853 1802 initio
885 1735 963 1813 dixi,
990 1743 1119 1809 cuncta,
1145 1728 1195 1795 vel

143 1841 183 1885 ex
213 1820 430 1888 Gnildndinna
451 1827 587 1889 Parrum
611 1820 817 1902 Bibliotheca,
843 1822 892 1886 vel
916 1844 956 1885 ex
983 1817 1110 1884 Patricii
1131 1817 1193 1881 Ju-

144 1904 189 1969 nii
211 1907 353 1973 editione
376 1909 556 1976 Nicetianae
581 1910 615 1974 in
640 1911 755 1975 Jobam
780 1911 920 1986 Cotenoe,
946 1905 1035 1972 nulla
1062 1923 1194 1989 prorsus

144 1992 242 2072 facta,
259 1994 323 2058 sive
345 2008 517 2066 contextus
541 1996 662 2078 Graeci,
678 1997 743 2062 sive
763 1992 996 2073 adnotationis,
1013 1992 1195 2056 mutatione

143 2092 200 2143 aut
222 2081 417 2162 accessione,
437 2083 470 2147 in
492 2106 568 2148 eum
591 2083 764 2170 desumpta
785 2092 903 2146 essent.
947 2079 1023 2143 Nisi
1047 2075 1136 2165 quod
1160 2075 1193 2140 in

142 2164 230 2229 calce
258 2168 529 2254 Fragmentorum
555 2168 647 2234 Liii.
673 2167 711 2233 de
736 2169 864 2233 Natura
889 2165 999 2252 posuit
1027 2167 1193 2229 Romanus

143 2249 250 2317 editor
271 2274 311 2317 ex
335 2254 420 2320 Cod.
436 2256 596 2323 Vaticano
621 2277 709 2321 1.111.
729 2253 833 2318 deseri
857 2265 918 2331 tas,
935 2250 1027 2330 duaa,
1047 2272 1120 2338 quae
1143 2273 1194 2317 se·

143 2350 298 2424 quuntur,
313 2340 413 2426 ῥῆσεις.
450 2343 579 2425 ΙΕοιυυιῐι
594 2341 690 2406 unius
704 2276 882 2428 epigrapire
898 2352 959 2419 est,
975 2336 1120 2402 Διονυσίου
1138 2340 1193 2402 Ἀ·

142 2423 317 2511 λεξανδςείας
339 2429 370 2490 ἐκ
390 2432 438 2490 τοῦ
452 2429 521 2515 περὶ
537 2428 655 2511 φύσεως,
670 2427 815 2505 alteriUS,
828 2433 878 2489 τοῦ
891 2425 1033 2513 μακαρίου
1048 2423 1194 2492 Διονυσίου

143 2512 175 2571 ἐκ
196 2515 246 2570 τοῦ
265 2512 335 2598 cripi
355 2512 471 2597 φύσεως.
517 2515 607 2580 Prior
624 2525 732 2579 autem
749 2518 826 2600 ῥῆσις
841 2513 873 2577 in
889 2511 1032 2577 editione
1047 2515 1195 2581 Romana

143 2593 190 2658 ita
206 2594 315 2661 habet.

185 2682 372 2770 Ἐργαςήριον
383 2684 548 2772 ἀνθρώποις,
561 2686 608 2749 καί
622 2685 751 2773 θεάτρου,
763 2687 967 2763 διδασκαλεῖον,
978 2686 1026 2748 καί
1037 2685 1194 2772 γυμνάσιον

144 2771 157 2827 ὁ
178 2768 282 2857 κοσμδς
299 2768 425 2856 ἠνέῳγεν·
444 2773 486 2834 ἀν’
506 2775 588 2835 αὐτὸν
610 2773 658 2835 καί
677 2775 704 2836 ἐν
718 2775 794 2858 αὐτῷ
810 2774 1146 2858 σσολυσραγμονήσαντες,
1161 2772 1194 2836 ri

143 2850 262 2936 μέγνςον
278 2856 321 2917 ἐπὶ
333 2859 382 2934 τὴν
396 2859 486 2939 αὐτῷν
501 2867 604 2941 γνῶσιν
618 2857 814 2941 ἐφελκῶμεθα.

188 2938 257 3001 Ubi
277 2962 341 3025 ego
361 2941 496 3026 legerim
518 2944 566 3006 nal
583 2956 659 3009 ante
673 2944 875 3025 διδασκαλεῖον,
890 2955 923 3008 et
937 2946 969 3009 ἵν’
983 2947 1066 3009 αὐτὸν
1079 2966 1139 3031 pro
1154 2947 1196 3008 ἀν’

143 3026 236 3113 αὑτὸν,
255 3039 289 3088 et
305 3048 364 3111 pro
381 3031 471 3091 αὐτῶν
485 3029 649 3115 posuerim
663 3035 754 3094 αὐτῶν
767 3033 907 3096 nostram
922 3030 987 3096 sive
1001 3036 1115 3097 ἑαυτῶν.

188 3111 342 3197 Sequitur
357 3114 516 3198 posterior
528 3122 615 3203 ῥῆσις,
629 3139 649 3182 a
663 3138 717 3181 me
731 3131 899 3205 utcunque
914 3120 1097 3183 emendata.

186 3198 286 3259 -ἐπεί
304 3195 350 3276 κα)
364 3198 506 3287 riparios
521 3204 633 3286 ἀγαθὸν
650 3203 724 3286 (for.
740 3202 896 3285 σῦμὸουλος
910 3205 1035 3289 ἀγαθὸς)
1054 3202 1131 3283 doen
1147 3205 1196 3283 ξί-

144 3306 196 3354 νονς
210 3278 224 3344 δ
242 3282 316 3365 (for.
329 3285 355 3365 ὁ)
371 3286 519 3360 πολλάκις
530 3290 557 3350 ἐν
567 3287 655 3374 οἰκείᾳ
664 3290 741 3374 βουλῇ
752 3296 869 3371 σφαλῶν
883 3288 970 3371 (εἰο).
985 3289 1132 3372 συφλῶτίεν
1143 3290 1195 3373 μέν

142 3392 186 3441 τις
200 3370 315 3431 ἐπιπολὺ
326 3372 395 3458 περὶ
407 3375 445 3435 τοὶ
456 3375 532 3435 αὑτῶ
541 3373 724 3459 προσήκοντα
737 3376 782 3436 δνσὶ
792 3373 952 3456 φιλαυτίαν·
969 3380 1158 3461 &operatoriis
1167 3376 1195 3440 δέ

145 3451 193 3531 καὶ
208 3455 372 3542 χολαξοιίσῃ
388 3459 540 3544 σῇδνανοιᾳ
550 3463 607 3534 τοῖς
618 3459 695 3533 ἐκτὸς
708 3458 817 3547 προῑνδν,
828 3466 893 3547 ῥᾷον
903 3460 985 3525 aritia
999 3461 1076 3545 (for.
1088 3465 1191 3546 αὐτῶν)

144 3539 312 3604 εὐσύνοπτον
331 3543 411 3624 (cor.
433 3542 594 3609 adorirentur
615 3567 655 3611 ex
675 3545 863 3634 conjectura
880 3546 1056 3627 viri'docti)
1075 3547 1133 3634 ’ίχει
1149 3549 1217 3629 nair·

145 3631 293 3706 καταφανῆ
319 3631 367 3706 τὴν
390 3628 524 3693 διάθεσιν·
548 3631 610 3695 alra
635 3630 750 3707 ἐκείνους
776 3633 851 3716 (for.
874 3631 983 3708 ἐκείνοις
1008 3634 1058 3698 vel
1081 3637 1192 3718 ἐκεῖνος)

144 3712 357 3794 συγκροτηθεὶς,
379 3714 427 3790 κα)
446 3717 622 3797 διαδοννθείς,
641 3718 832 3818 ἐντρεχέςεςίς
850 3745 881 3782 σε
898 3724 963 3783 νοεῖν
977 3719 1132 3806 γενίμενος,
1148 3721 1196 3802 κο)

145 3800 231 3857 marri
255 3823 323 3861 ποτε
345 3799 413 3884 (hic
433 3802 556 3890 aliquid
578 3803 690 3869 deesse
710 3828 745 3869 m
764 3804 853 3870 edito
872 3806 1031 3892 signatur)
1055 3806 1081 3870 εί
1095 3832 1130 3893 γε
1152 3807 1198 3888 καὶ

144 3885 192 3956 τῆς
209 3884 235 3944 ἐν
250 3887 306 3957 τοῖς
321 3887 520 3972 περικειμένους
534 3888 671 3969 ἀληθείας
684 3893 825 3978 ὀξυδερκὴς
839 3892 1003 3979 ἐπιγνώμων
1017 3893 1135 3980 γένοιτο.

190 3967 289 4032 Porro
314 3992 374 4057 pro
397 3975 535 4040 breviori
556 3977 643 4075 pira,
667 3999 764 4077 quam
788 3999 828 4042 ex
850 3977 972 4044 Catena
998 3981 1073 4044 MS.
1098 4001 1194 4065 penes

148 4050 338 4202 Collgpium
358 4059 444 4126 Νον.
461 4060 580 4128 Oxonri
603 4063 771 4214 ἀεευυίξιεὶ,
785 4076 881 4152 atque
896 4065 928 4130 in
946 4065 1008 4131 vol.
1024 4065 1058 4130 ii.
1073 4089 1106 4154 p.
1121 4082 1193 4149 409.

269 4164 349 4208 .1v.
657 4171 681 4214 u
736 4170 755 4235 3
