2684 4740
321 308 469 389 essm
489 309 800 390 inuentionis
823 311 1010 388 setteis.
1146 335 1186 409 73

147 493 228 562 (lum
245 514 370 560 sacram
383 495 503 582 legem,
516 518 627 583 quaeso
641 495 819 567 secundum
834 516 905 558 sens
920 505 970 558 est
988 497 1043 571 (ita
1055 493 1120 552 MS.
1135 512 1187 555 se·

150 604 278 674 candus
294 584 391 671 senex
406 617 467 685 est,
482 608 564 666 nullo
577 628 662 666 seusu
676 608 764 666 edidit
776 607 943 675 Musaeum,
960 606 1071 680 Balsa.)
1088 615 1122 668 et
1136 625 1188 668 se-

153 738 226 781 nem
245 715 345 796 vides,
360 729 394 781 et
416 737 480 780 non
503 727 611 802 potest
630 715 670 781 ad
691 715 881 779 comitatum
901 735 1026 778 sacrum
1046 735 1191 800 pergere,

154 822 241 911 apud
265 837 338 889 acta
360 823 501 910 deponat
522 836 673 888 utrumne
685 821 759 909 jam
781 820 821 885 de
842 819 990 906 pactione
1013 821 1191 887 secundum

157 930 240 1017 (for.
251 931 377 1014 secum)
393 930 434 995 ab
448 928 563 994 eodeni
579 929 690 994 habita
701 929 821 993 litteras
834 926 970 1006 dederit,
983 941 1017 991 et
1030 942 1138 994 utrum
1153 950 1192 994 ea

156 1062 228 1128 quse
242 1039 277 1105 in
288 1039 403 1107 litteris
414 1032 599 1118 contulerit,
611 1059 683 1103 vera
693 1038 772 1118 sint3
787 1052 825 1103 ut
835 1038 951 1103 horum
965 1053 1056 1104 actns
1067 1054 1101 1106 et
1114 1041 1192 1108 fides

157 1144 325 1234 injudicio
338 1162 429 1212 sacro
444 1145 554 1232 detegi
571 1146 683 1232 possit.
716 1145 868 1210 Adstanti
885 1146 1060 1211 Caeciliano
1074 1148 1192 1234 Spere-

157 1254 217 1321 tius
230 1250 381 1319 duumvir
391 1252 488 1320 dixitr
499 1253 604 1317 Audis
617 1277 691 1340 quae
702 1254 786 1342 apud
798 1267 869 1319 seta
879 1254 943 1319 sint
954 1253 1119 1341 deposita?
1133 1257 1194 1323 Al·

158 1365 216 1431 dus
231 1347 428 1430 Caecilianus
441 1361 541 1427 dixit:
568 1364 679 1426 Zamae
694 1383 781 1427 eram
800 1377 930 1450 propter
948 1364 1047 1429 lineas
1062 1387 1194 1454 compa·

159 1472 272 1540 randaa
285 1494 361 1542 curn
376 1471 560 1537 Saturnino.
583 1473 716 1536 Etcum
732 1471 910 1536 veniremus
925 1470 994 1550 illo,
1009 1472 1142 1539 mittunt
1153 1474 1194 1540 ad

159 1606 209 1652 me
218 1585 255 1651 in
265 1583 418 1672 praetorio
428 1583 490 1671 ipsi
500 1581 675 1647 Christiani
687 1594 723 1646 ut
731 1580 888 1646 dicerent:
904 1582 1038 1646 Sacrum
1050 1603 1193 1671 praecep-

159 1709 229 1761 tam
241 1694 285 1760 ad
299 1706 333 1759 te
347 1692 507 1780 pervenit?
528 1694 599 1777 Ego
612 1689 693 1755 dini:
709 1693 799 1770 Non,
813 1690 868 1755 sed
881 1691 945 1755 vidi
956 1690 1026 1777 jam
1039 1696 1195 1782 exempla.

160 1803 201 1868 Et
213 1804 320 1889 Zama
333 1800 416 1889 (for.
426 1802 549 1883 uma)
564 1813 598 1863 et
611 1800 723 1864 Furnis
734 1798 818 1864 dirui
832 1798 978 1864 basilicas
990 1812 1023 1864 et
1033 1801 1083 1865 uri
1095 1803 1196 1892 scrip·

159 1925 248 1977 taras
259 1909 337 1976 ridi.
381 1910 496 1997 ltaque
515 1909 653 1996 proferte
672 1909 700 1972 si
718 1931 798 1995 quas
819 1909 991 1996 scripturas
1009 1909 1145 1994 habetis,
1160 1928 1198 1981 ut

157 2018 297 2107 jussioni
309 2039 408 2084 sseroe
422 2031 580 2106 pareatur.
606 2016 699 2084 Tunc
712 2019 847 2085 mittunt
860 2018 894 2084 in
907 2019 1043 2086 domu-m
1057 2022 1200 2113 episcopi

161 2128 288 2210 Felicis,
298 2142 338 2194 ut
348 2129 501 2195 tollerent
512 2128 586 2193 inde
599 2129 782 2215 scripturas,
792 2143 829 2196 ut
842 2129 930 2195 exuri
945 2144 1075 2220 possent
1086 2155 1200 2201 secuu-

159 2240 240 2309 dum
256 2260 383 2309 merum
398 2257 608 2331 praeceptum.
649 2244 702 2309 Sic
717 2245 866 2313 Galatius
880 2247 1047 2313 nobiscum
1062 2250 1201 2336 perrexit

159 2351 201 2418 ad
216 2353 328 2418 locum
342 2352 399 2417 ubi
414 2353 576 2418 orationes
593 2353 755 2420 celebrare
774 2357 920 2422 consueti
940 2357 1076 2425 fuerant.
1121 2361 1201 2427 lnde

151 2462 350 2528 cathedram
366 2462 501 2527 tulimus
515 2475 549 2528 et
562 2462 715 2550 epistolas
730 2465 942 2545 salutatorias,
956 2479 988 2532 et
1000 2467 1083 2533 ostia
1093 2468 1202 2535 omnia

161 2573 335 2639 combusta
348 2584 424 2638 sunt
438 2574 614 2638 secundum
631 2595 758 2640 sacrum
773 2587 983 2662 praeceptum.
1012 2577 1143 2643 Etcum
1159 2578 1202 2644 ad

161 2680 298 2749 domum
315 2681 460 2769 ejusdem
482 2681 596 2748 Felicis
613 2682 755 2770 episcopi
775 2683 987 2766 mitteremus,
1002 2686 1201 2754 renuntiare·

163 2804 238 2858 rant
260 2791 414 2856 officiales
436 2790 559 2878 publici
582 2791 673 2857 illum
697 2793 864 2857 absentem
889 2815 969 2860 esse.
1011 2796 1099 2861 Nam
1124 2816 1201 2864 cum

162 2900 334 2986 posteriori
360 2913 506 2988 tempore
530 2899 691 2967 adveniret
717 2902 886 2989 ingentius
907 2903 1012 2969 scriba
1033 2903 1203 2993 Augentii,

162 3029 239 3077 cum
253 3033 324 3098 quo
341 3010 525 3076 aedilitatem
540 3010 767 3090 administravi,
781 3011 896 3078 dictavi
915 3013 1082 3100 epistolam
1099 3014 1204 3082 eidem

160 3120 302 3209 collegae
314 3142 412 3207 quam
427 3118 489 3184 feei
502 3119 544 3184 ad
558 3120 697 3186 eundem
712 3120 901 3208 episcopum
917 3121 1067 3187 Felicem.
1094 3124 1203 3191 Maxi·

160 3247 236 3297 mus
251 3230 356 3296 dixit:
379 3231 522 3294 Praesens
535 3241 597 3294 est.
641 3228 763 3295 Eadem
784 3229 921 3317 epistola
940 3229 972 3294 ei
990 3231 1152 3313 offeratur,
1167 3246 1205 3299 ut
1226 3282 1229 3286 -

155 3339 300 3409 eandem
325 3349 548 3426 recognoscat.
595 3337 794 3424 Respondit:
828 3339 903 3424 Ipsa
929 3351 989 3403 est.
1039 3340 1204 3408 Maximus

148 3445 268 3517 dixit-³.
280 3449 458 3534 ‚Quonam
471 3446 659 3533 recognovit
673 3446 842 3533 epistolam
856 3466 960 3527 suam,
972 3446 1056 3512 hano
1068 3447 1159 3538 lego,
1170 3462 1204 3517 et

147 3574 223 3625 oro
239 3557 337 3645 plena
348 3557 431 3622 actis
445 3558 611 3622 inseratur.
640 3558 685 3620 Et
698 3556 851 3622 recitavit.
880 3557 1067 3623 Caecilianus
1078 3562 1205 3645 parenti
1216 3543 1225 3570 ³

145 3662 265 3733 Felici
277 3665 423 3732 salsina.
460 3669 541 3732 Cam
554 3668 716 3756 lugentior
730 3669 881 3758 collegam
895 3692 998 3735 meum
1011 3671 1204 3759 Augustam

143 3777 302 3843 aman
314 3799 407 3842 suam
419 3775 604 3856 conveniret,
620 3788 651 3842 et
665 3776 841 3864 inquisisset
855 3800 934 3842 anno
949 3778 1130 3846 duoviratus
1143 3782 1205 3848 mei

145 3908 205 3957 ers
223 3888 349 3976 aliquoe
368 3889 535 3974 rcrtpmrae
555 3887 633 3974 legis
653 3899 766 3953 aestrae
786 3887 951 3952 tenendam
966 3910 1088 3955 sacram
1106 3889 1205 3980 legem

143 3997 293 4063 dueta
306 3995 383 4061 sint.
405 3998 426 4041 *
446 3996 540 4084 qaam
558 3993 709 4060 Galaitias
727 4018 806 4060 anas
826 4019 865 4060 ea
884 3996 952 4084 lege
966 4007 1069 4062 vestra
1083 3997 1206 4084 palliae

148 4105 316 4172 mutulos
329 4104 531 4172 salutatorias
545 4106 583 4172 dc
597 4104 735 4170 basilica
743 4104 921 4190 protulerit.
961 4105 1040 4190 Opta
1059 4105 1206 4173 re-lene

152 4212 274 4285 valera
288 4218 382 4295 (eoas.
391 4237 424 4298 p.
435 4217 515 4292 76.).·
534 4221 557 4257 “
566 4218 587 4261 *
603 4215 681 4280 Hoc
694 4213 836 4302 signum,
849 4213 940 4302 quod
952 4212 1209 4300 deprecatoriam
