2684 4740
132 309 375 380 ARCHELAI
395 313 452 379 ET
472 310 688 378 MANutrs
702 306 990 379 DISPUTATIO.
1028 329 1090 405 239

55 501 141 565 pere.
174 485 282 570 Quam
298 484 429 569 quidem
444 485 639 548 adversarius
655 483 868 570 quaestionem
884 505 948 546 non
962 501 1093 567 compe·

54 600 159 653 tenter
171 592 301 676 aptavit.
347 593 412 656 Hic
433 593 519 656 enim
534 591 626 655 video
642 604 674 654 et
689 592 800 655 lesum
815 591 951 656 libenter
964 592 1091 655 intuen-

54 710 121 760 tem
143 699 278 771 divitum
301 723 444 780 munera,
465 724 540 765 cum
564 702 596 764 in
618 700 855 785 gazophylacio
870 701 1091 779 uofferuntur,

55 819 88 869 et
103 828 218 892 parum
234 811 297 875 boe
313 828 372 892 est,
387 814 414 877 si
429 836 446 876 a
461 813 537 877 solis
553 813 705 877 divitibus
719 813 751 876 in
767 812 1004 899 gazophylacio
1020 835 1093 876 mu-

56 940 132 982 nera
145 923 347 987 ¹offeruntur
356 949 366 1002 ;
390 925 457 988 imo
471 947 545 989 vero
561 925 657 989 etiam
673 923 738 988 duo
755 923 878 987 minuta
892 922 1093 1008 pauperculae

49 1027 160 1093 -viduae
173 1029 310 1096 libenter
325 1035 552 1119 suscipiuntur,
567 1034 599 1098 in
614 1056 679 1121 quo
695 1033 832 1117 amplius
848 1032 979 1118 aliquid,
996 1053 1093 1118 quam

55 1137 145 1222 quod
161 1138 296 1226 Moyses
310 1156 507 1228 praeceperat
520 1143 561 1207 de
582 1141 784 1227 suscipienda
805 1141 941 1227 pecunia
962 1139 1096 1203 demon·

55 1246 1096 1337 mmmmUkwmywfflswffimmmbmmmmnhm

54 1367 164 1418 autem
188 1355 308 1443 accipit
330 1359 427 1423 etiarn
453 1359 577 1438 abhis,
605 1359 661 1445 qui
685 1381 750 1423 non
779 1359 909 1422 habent.
954 1355 1017 1421 Sed
1040 1355 1097 1435 ait,

54 1466 216 1551 scripturn
237 1483 298 1546 est,
316 1468 408 1532 2Νἱεὶ
428 1468 498 1554 quis
520 1469 746 1534 renuntiaverit
771 1468 918 1547 omnibus,
937 1491 1010 1555 quce
1025 1483 1097 1552 pos·

53 1574 149 1652 sidet,
167 1597 225 1639 non
236 1585 337 1660 potest
353 1599 439 1640 loeus
452 1598 514 1640 esse
528 1576 709 1662 discipulus.
748 1579 887 1641 Rursum
901 1576 993 1640 video
1010 1577 1097 1639 Cen-

53 1684 216 1748 turionem
242 1685 332 1749 valde
358 1685 503 1765 divitem,
517 1691 561 1752 'et
587 1686 721 1750 seculari
743 1687 914 1772 praeditum
936 1697 1098 1772 potestate

41 1794 155 1858 ,fidem
178 1795 297 1859 habere
320 1796 491 1882 plusquam
518 1808 672 1859 ²omnem
698 1796 894 1875 Israelitam3
917 1807 954 1859 ut
976 1795 1002 1858 si
1027 1793 1099 1880 quis

55 1903 133 1982 fuit,
147 1905 244 1968 etiam
266 1905 322 1990 qui
344 1906 590 1984 renuntiaverat,
612 1928 632 1970 a
654 1903 854 1969 Centurione
876 1916 1044 1990 superatur
1064 1903 1098 1967 in

43 2012 135 2076 nde.
171 2012 260 2077 ²Sed
274 2014 361 2078 dicet
373 2015 465 2078 nobis
480 2015 563 2100 quis,
579 2034 643 2077 non
664 2026 713 2078 est
734 2035 814 2100 ergo
839 2013 961 2077 bonum
983 2033 1100 2076 renun-

56 2122 141 2186 tiare
162 2121 298 2188 divitiis?
344 2125 485 2202 Bonum,
506 2123 650 2208 inquam,
672 2121 734 2201 bis,
757 2123 811 2208 qui
837 2136 992 2207 possunt3
1016 2119 1101 2184 bsed

57 2233 154 2298 abuti
178 2233 295 2299 divitiis
324 2233 367 2298 ad
393 2230 485 2319 opus'
500 2232 637 2319 justitiae
660 2244 757 2318 atque
782 2231 1010 2297 misericordias
1040 2253 1099 2317 pa·

43 2340 132 2409 ‘rem
151 2344 289 2429 gratiam
311 2343 438 2421 tribuit,
461 2364 499 2405 ae
525 2342 551 2404 si
566 2341 732 2406 universis
752 2341 870 2426 pariter
889 2341 1099 2406 renuntietur.

46 2453 115 2518 :De
131 2474 171 2517 eo
185 2457 293 2518 autern
308 2451 396 2538 quod
410 2452 499 2530 dicit,
519 2451 719 2515 destructum
742 2471 811 2514 esse
834 2450 1015 2525 sabbatum,
1035 2471 1100 2513 non

59 2563 158 2647 plane
172 2561 351 2640 destruxit3
376 2553 466 2646 ³ipse'
477 2560 563 2623 enirn
584 2559 767 2624 cnominus
782 2571 849 2621 erat
865 2558 1006 2636 sabbati3
1028 2569 1101 2622 ten-

49 2693 161 2758 .quam
184 2671 211 2734 si
232 2672 339 2757 sponsi
363 2672 435 2757 quis
458 2670 797 2735 custodienstborum
826 2668 998 2753 diligenter
1019 2667 1100 2732 dex·

62 2793 219 2860 truetum,
234 2800 252 2842 a
266 2780 356 2844 nullo
371 2780 435 2842 alio
450 2793 601 2843 extraneo
622 2780 727 2843 vexari
749 2777 796 2841 vel
814 2777 961 2862 contingi
974 2790 987 2821 θ
998 2777 1101 2862 patia-

64 2903 129 2967 tur,
151 2911 319 2974 usquequo
333 2891 410 2976 ¹ipse
434 2911 571 2974 sponsus
593 2887 751 2965 adveniat,
775 2899 808 2951 et
832 2908 907 2950 cum
930 2884 1103 2964 advenerit,

64 3010 165 3062 strato
187 3019 258 3076 suo,
280 2997 363 3062 sicut
382 2997 524 3074 libuerit,
541 3008 661 3074 utatur,
676 2995 724 3059 vel
740 2994 786 3072 hi,
802 3015 883 3080 quos
902 2995 971 3079 ipse
992 3015 1102 3058 seeum

61 3106 193 3192 jusserit
214 3106 356 3173 introire.
399 3105 634 3172 Testimonium
658 3103 754 3171 etium
777 3101 866 3169 dedit
887 3102 949 3181 his,
965 3125 1037 3188 quae
1051 3102 1103 3167 di-

98 3347 110 3396 l
122 3365 210 3413 'Codex
221 3365 334 3412 Casinen.
347 3365 473 3429 offlremm,
486 3374 507 3410 er
511 3371 634 3423 pauperum
646 3361 682 3406 loc
694 3369 732 3406 est.
772 3357 895 3406 Bobiensis
904 3365 998 3413 autem,
1009 3356 1105 3418 offerun-

70 3455 119 3503 rur3
136 3456 158 3491 er
165 3455 247 3505 parum
257 3445 296 3490 lior
307 3454 348 3502 est,
357 3459 414 3504 quse
422 3458 478 3491 vera
489 3453 524 3489 est
535 3441 610 3500 hujus
623 3441 668 3487 loci
681 3439 760 3486 lectio.

100 3535 112 3560 ¹
129 3526 213 3573 Codex
225 3525 359 3582 Bobiensis,
372 3523 507 3586 inferuntur.

98 3610 111 3648 Y
129 3607 198 3653 Idem
210 3607 295 3663 codex,
307 3605 335 3650 ab
346 3604 380 3649 Iris
391 3603 546 3660 tantummodo,
558 3600 597 3665 qui
609 3599 717 3646 trabebant
727 3597 880 3660 suscipiebant.
1012 3645 1015 3651 ¹

99 3690 112 3717 ²
129 3686 198 3734 ldem
210 3687 297 3739 codex,
307 3700 390 3730 omnem
404 3682 491 3742 lsrub'l;
507 3692 532 3728 ut
544 3681 562 3726 si
575 3679 713 3745 quisfuerit.
729 3679 783 3742 (lor.
797 3677 943 3740 paulopost,
955 3685 1076 3736 superetur.

73 3747 433 3820 ⁴·Codes.Bobtensis‚dicit.
1004 3824 1007 3830 Ι
1070 3752 1072 3755 ’

100 3846 112 3882 b
130 3847 255 3895 Bobiensis
266 3847 352 3902 codex,
365 3843 403 3889 red
412 3853 434 3889 et
444 3842 516 3890 abuti.
545 3843 624 3898 Forte,
636 3839 675 3887 sed
685 3849 706 3885 er
716 3839 760 3898 uti,
772 3837 820 3895 vel,
832 3837 871 3883 sed
880 3836 947 3883 etiam
958 3836 1001 3884 uti.

101 3935 111 3960 ί
129 3930 212 3977 Codex
224 3927 373 3984 Casinensis,
385 3927 456 3973 Deus.

69 3994 71 3997 V
101 4010 112 4044 ό
132 4012 168 4057 lta
180 4010 234 4056 cod.
247 4008 388 4066 Bobiensis;
406 4021 465 4054 nam
477 3989 613 4053 Casinerisis
626 4002 699 4060 male,
712 4001 822 4049 extruxit.

101 4097 112 4121 θ
131 4093 199 4138 ldem
211 4090 297 4144 codex,
306 4088 405 4149 patitur.
440 4088 470 4134 Et
481 4101 551 4142 mox,
563 4101 613 4149 quor
625 4100 703 4130 secum.

181 4216 183 4221 '
236 4225 251 4276 ²,
265 4225 324 4272 Luc.
335 4224 383 4271 xiv.
394 4231 435 4271 as.
457 4223 519 4269 Mat.
531 4219 581 4267 viii.
595 4229 634 4269 ιο.
744 4255 745 4259 ,
763 4215 773 4248 ³
786 4216 847 4262 Mat.
860 4215 903 4271 xii,
916 4223 940 4274 s.
