2684 4740
168 333 209 410 72
344 323 491 390 GESTA
513 319 826 390 PURGATIONIS
850 318 1034 388 FELICIS.

169 517 238 560 esse
253 516 385 560 sacram.
432 494 622 561 Caecilianus
639 495 737 560 dixit:
761 496 907 560 Devotus
927 517 999 560 sum
1018 505 1110 559 tanto
1124 510 1213 581 praed

171 616 277 689 cepto.
308 604 389 668 Item
405 626 480 669 cum
496 604 593 692 paulo
607 619 681 690 post
694 603 797 669 scriba
812 603 952 667 Miccius
965 600 1212 689 supervenisset,

172 712 306 777 Fuscius
327 711 475 777 duumvir
494 713 591 778 dixit:
614 713 746 777 Audisti
765 727 798 777 et
817 727 866 792 tu,
883 712 995 792 Micci‚
1010 712 1100 800 quod
1117 725 1152 778 et
1173 726 1211 777 tu

172 843 334 886 unacum
364 822 539 889 Caeciliano
565 823 759 888 necessarius
789 827 824 887 e's
850 823 895 886 ire
919 822 960 886 ad
982 821 1124 887 officium
1152 806 1211 887 vid

173 930 356 1015 spectabilis
370 933 501 1012 Vicarii,
517 932 759 997 instructionem
780 932 849 1019 ejus
870 931 1025 1017 temporis
1047 942 1083 995 ut
1104 929 1213 995 vobis·

174 1063 247 1105 cum
263 1041 439 1128 perferatis.
476 1043 531 1105 Ad
545 1042 615 1106 haec
634 1041 711 1128 quid
732 1040 833 1105 dicis?
869 1040 1008 1105 Miccius
1023 1040 1211 1137 respondit:

174 1142 389 1234 Magistratus
420 1151 568 1238 suppleto
597 1173 681 1215 anno
709 1172 821 1213 omnes
852 1165 943 1224 actus
973 1170 1048 1214 suos
1074 1148 1211 1215 domum

175 1281 267 1324 suam
282 1260 367 1339 tulit,
382 1258 409 1325 si
423 1260 487 1324 mei
501 1261 534 1325 in
549 1283 621 1325 cera
635 1260 760 1347 possint
774 1250 904 1325 inveniri
919 1244 1055 1349 inquiro.
1077 1242 1211 1327 Etcum

176 1385 344 1458 quaereret,
357 1372 498 1462 Quintus
513 1368 646 1437 Sisenna
660 1371 808 1436 duumvir
821 1370 923 1436 dixit:
947 1370 1045 1460 Quod
1059 1351 1215 1459 cognorit

178 1480 319 1546 officium
344 1481 521 1568 respondit.
565 1480 771 1568 Apronianus
796 1480 896 1546 dixit:
927 1482 961 1546 Si
987 1488 1101 1547 omnes
1122 1482 1213 1549 notris

176 1609 251 1653 suos
266 1588 382 1653 tulerat
397 1590 615 1676 magistratus,
627 1591 712 1655 unde
725 1602 798 1656 acta
811 1610 883 1678 qua:
895 1603 972 1655 ωηο
984 1590 1102 1654 emissa
1113 1601 1213 1669 erant,

175 1701 226 1765 vel
251 1700 398 1765 confecta
427 1713 517 1765 tanto
543 1703 708 1786 tempore?
743 1703 885 1765 Etcum
911 1699 1042 1777 diceret,
1065 1699 1213 1764 AElianus

176 1811 349 1896 proconsul
364 1809 465 1875 dixit:
489 1813 532 1874 Et
550 1832 623 1874 mea
640 1810 850 1896 interrogatio
869 1820 902 1873 et
920 1807 1122 1895 singularum
1139 1830 1213 1895 per·

177 1941 329 1984 sonarum
358 1920 521 2005 responsio
553 1920 632 1984 actis
661 1919 853 1986 continetur.
907 1917 1080 2004 Agesilaus
1110 1917 1212 1984 dixit:

178 2028 261 2094 Sunt
274 2042 427 2116 praeterea
440 2041 473 2094 et
486 2029 557 2092 alise
571 2029 715 2114 epistolae
731 2028 807 2093 bnic
822 2028 868 2092 rei
882 2028 1079 2093 necessariae.
1111 2029 1213 2093 Inter·

178 2150 228 2205 est
242 2150 280 2204 ut
294 2139 453 2224 legantur.
482 2137 631 2202 AElianus
654 2136 827 2224 proconsul
849 2136 949 2202 dixit:
974 2140 1066 2224 Lege
1086 2136 1214 2211 0οοίΙὶ-

178 2271 242 2314 ano
256 2248 416 2326 audiente,
426 2259 464 2313 ut
478 2259 634 2332 agnoscat
646 2269 686 2311 an
700 2247 768 2332 ipse
780 2245 955 2310 dictaverit.
977 2245 1152 2332 Agesilaus
1165 2266 1214 2310 re-

178 2357 296 2426 citavit.
365 2404 369 2413 ,

220 2465 401 2531 Volusiano
416 2473 448 2530 et
462 2464 613 2532 Anniano
626 2467 824 2546 consulibus,
837 2483 946 2532 x1111.
960 2464 1122 2535 Kalendas
1137 2468 1215 2556 Sep·

179 2575 312 2643 tembris
333 2574 366 2638 in
384 2573 459 2662 jure
476 2575 562 2661 apud
577 2575 748 2641 Aurelium
766 2576 950 2662 Didymum
967 2578 1150 2664 speretium
1165 2600 1216 2643 se·

180 2691 342 2757 cerdotem
369 2689 458 2754 Jovis
485 2691 601 2776 optimi
629 2690 772 2769 maximi,
807 2689 1009 2755 duumvirum
1042 2690 1218 2778 splendide

181 2803 318 2868 coloniae
342 2799 668 2886 Carthaginiensium,
689 2801 853 2866 Maximus
874 2801 976 2867 dixit:
1004 2803 1219 2889 Loquor-no·

182 2911 270 2975 mine
289 2910 451 2973 seniorum
473 2909 647 2975 Christiani
666 2910 781 2996 populi
800 2910 968 2975 catholice
990 2910 1084 2996 legis:
1120 2907 1222 2997 Apud

182 3018 341 3084 maximos
364 3019 579 3103 Imperatores
601 3041 697 3084 causa
716 3018 842 3104 agenda
861 3018 922 3085 erit
939 3029 1050 3085 contra
1071 3018 1223 3086 Caecilio·

184 3155 263 3198 num
278 3143 312 3196 et
326 3130 476 3211 Felicem,
490 3131 545 3219 qni
559 3132 772 3218 principatum
786 3129 931 3218 ejusdem
948 3129 1027 3216 legis
1041 3130 1154 3195 omnia
1167 3150 1227 3196 co·

183 3256 301 3309 uantur
315 3241 472 3305 invadere.
514 3240 638 3304 Contra
652 3240 739 3325 ipsos
754 3240 951 3304 documenta
965 3236 1138 3302 criminum
1154 3237 1228 3327 ejus

185 3353 429 3440 conquiruntur.
472 3352 559 3416 Nam
579 3371 653 3415 curn
674 3349 853 3437 persecutio
872 3343 956 3412 esset
973 3346 1094 3411 indicta
1110 3347 1232 3414 Chris*-

186 3462 292 3541 tianis,
312 3462 346 3533 id
367 3473 427 3540 est,
446 3474 481 3524 ut
502 3458 726 3538 sacrificarent,
746 3473 805 3540 aut
822 3477 1030 3544 quascunque
1051 3455 1233 3542 scripturus

186 3573 355 3648 haberent,
380 3569 528 3634 incendio
553 3568 723 3647 traderent,
750 3568 847 3644 Felix,
871 3567 926 3653 qui
954 3564 1240 3654 tuncepiscopus

186 3680 251 3747 fuit
270 3680 465 3757 Autumnos‚
478 3698 670 3744 consensum
691 3675 850 3741 adtulerat
871 3689 909 3739 ut
928 3674 969 3739 de
987 3696 1085 3738 manu
1106 3671 1245 3743 Galerii

189 3789 354 3876 scripturae
370 3789 582 3866 traderentur,
597 3800 634 3852 ut
647 3785 717 3872 igni
731 3784 928 3849 concremari
942 3796 1093 3868 possent;
1112 3794 1148 3848 et
1163 3793 1246 3849 erat

187 3913 269 3969 ωηο
290 3898 441 3982 temporis
460 3897 667 3982 magistratus
685 3894 790 3958 Alfius
807 3892 1010 3968 Caecilianus,
1024 3911 1244 3978 quem-pra-

188 4021 313 4076 sentem
334 4007 439 4070 videre
455 4005 607 4092 dignaris.
651 4006 694 4068 Et
714 4000 958 4090 quoniam'ejus
981 3998 1138 4085 temporis
1156 4000 1249 4073 ‚offla

189 4119 277 4184 cium
292 4115 501 4180 incumbebat
514 4127 551 4178 ut
564 4136 604 4178 ex
612 4112 759 4200 jussione
773 4109 993 4198 proconsulari
1003 4128 1118 4173 omnes
1130 4109 1250 4175 sassi·

12 4248 106 4448 Ὗ
178 4226 335 4307 ’θοοῐοηο
355 4236 390 4291 et
409 4224 438 4291 si
457 4244 538 4313 quas
557 4222 729 4311 scripturas
750 4221 916 4301 baberent,
938 4218 1089 4287 offerrent
1110 4237 1246 4286 secun·
