2684 4740
8 4262 61 4448 l

170 309 232 376 262
266 306 503 375 aseneum
524 310 581 374 ar
601 280 1116 376 Mansrrs'msrorano.

172 498 297 542 rursum
311 464 547 544 transformavit
562 478 749 565 inspeciem
765 478 852 559 solis,
867 499 905 544 ao
923 467 1070 544 vultum,
1102 474 1206 565 Quod

171 585 199 649 si
221 609 330 652 rursus
351 588 483 666 resistis,
505 587 586 652 milri
607 601 693 653 recte
712 587 831 652 dicenti
853 586 947 651 fidem
969 587 1051 651 nolis
1074 605 1207 650 accom-

171 695 315 775 modare,
337 697 413 762 audi
435 696 652 760 definitionem
675 710 777 775 tuam,
800 686 921 782 inqua
942 701 1019 760 stas.
1062 694 1097 758 Si
1118 693 1205 757 enim

171 802 336 869 hominem
362 827 436 870 eum
464 807 690 871 tantummodo
712 831 751 873 ex
774 808 881 872 Maria
905 829 975 872 csse
999 804 1090 885 dicis,
1113 793 1149 870 et
1172 804 1208 868 in

173 913 366 999 baptismate
381 915 535 1002 Spiritum
554 917 744 1003 percepisse,
760 939 839 1003 ergo
853 939 910 1003 per
924 918 1106 1003 profectum
1122 911 1207 977 lilius

172 1021 341 1105 videbitur,
361 1036 394 1089 et
416 1047 480 1088 non
500 1046 559 1110 per
580 1039 737 1090 naturam.
780 1026 814 1090 Si
830 1037 939 1090 tamen
954 1025 1013 1090 tibi
1028 1022 1207 1090 concedam

174 1128 290 1209 dicere,
307 1131 484 1196 secundum
505 1132 689 1218 profectum
704 1154 773 1197 esse
794 1134 905 1213 filium,
928 1132 1019 1220 quasi
1039 1129 1207 1196 hominem

173 1238 316 1321 factum}
339 1242 503 1307 hominem
519 1264 590 1307 vere
608 1264 678 1307 esse
699 1243 850 1329 opinaris,
872 1241 965 1319 idest,
989 1239 1045 1327 qui
1067 1259 1155 1316 caro,
1174 1243 1209 1300 'et

174 1351 305 1436 sanguis
321 1352 384 1416 sit?
421 1354 566 1418 Necesse
580 1365 629 1416 est
643 1373 735 1437 ergo,
751 1362 784 1415 et
799 1349 964 1436 Spiritum,
980 1347 1037 1435 qui
1052 1346 1137 1412 siout
1150 1365 1210 1408 co·

172 1456 285 1522 lumba
300 1461 457 1545 apparuit,
472 1482 536 1524 non
558 1459 646 1525 aliud
667 1482 746 1538 esse,
768 1481 864 1545 quam
886 1457 1063 1522 naturalem
1080 1453 1209 1520 colum-

173 1567 270 1648 bam3
292 1569 391 1633 ⁴sicut
417 1569 502 1633 horno
523 1568 608 1633 enim
631 1551 755 1633 dictum
775 1580 835 1647 est,
851 1580 885 1633 et
903 1567 983 1631 sicut
1005 1550 1157 1642 calamia,
1177 1572 1211 1626 et

168 1677 390 1765 ‘quodcunque
405 1677 528 1764 opinari
543 1691 651 1764 potest
669 1677 712 1742 de
734 1699 775 1742 eo
800 1699 958 1757 sermone,
978 1675 1066 1763 quod
1085 1675 1209 1738 dictum

173 1799 237 1867 est,
251 1789 355 1852 ¹sicut
375 1787 474 1867 horno,
493 1787 553 1851 hac
573 1785 723 1872 opinione
740 1786 874 1872 concipe
887 1787 984 1850 etiam
999 1785 1039 1849 de
1053 1806 1105 1862 eo,
1121 1781 1210 1869 quod

172 1895 378 1975 dictumest,
400 1896 480 1960 sicat
502 1893 661 1974 colamla;
685 1908 814 1958 necesse
833 1904 932 1958 estet
952 1893 1023 1956 haec
1046 1889 1212 1977 aequaliter

174 2003 326 2088 recipere,
348 2003 394 2067 ita
414 2003 500 2068 enim
521 2002 554 2067 in
577 2001 747 2088 Scripturis
767 2025 841 2089 quae
864 2001 904 2066 de
920 2023 965 2066 eo
985 1999 1105 2085 scripta
1126 2008 1211 2076 sunt,

174 2109 387 2176 inveniuntur.
423 2112 661 2176 Aacnnnnus
688 2131 815 2190 mara,
845 2109 936 2174 Sicut
964 2109 1024 2173 tibi
1051 2108 1211 2193 ipse·non

173 2230 280 2305 potes,
297 2231 450 2306 tanquam
464 2220 570 2284 bonus
586 2219 711 2299 artifex,
727 2241 830 2304 neque
849 2240 913 2309 ego
933 2217 991 2283 tibi
1013 2216 1096 2282 hanc
1119 2236 1211 2301 qua·

174 2328 312 2391 ationem
333 2325 529 2412 adiligenter
552 2339 700 2413 aptatam·
717 2327 968 2405 manifestarem,
989 2336 1088 2411 atque
1110 2319 1213 2386 mani·

175 2437 256 2501 feste
276 2436 495 2516 dissolverem,
518 2436 578 2499 nisi
596 2447 728 2522 propter
747 2436 819 2512 hos,
841 2435 897 2521 qui
918 2434 1081 2510 assistunt,
1103 2441 1137 2494 et
1158 2428 1213 2515 qui

176 2533 236 2610 nos
259 2546 414 2625 audiunt3
439 2557 473 2610 et
495 2543 582 2624 ideo,
608 2545 692 2609 sicut
719 2544 879 2623 convenit,
905 2541 1092 2631 questionis
1116 2537 1213 2624 hujus

177 2676 307 2742 quoque
319 2665 479 2740 exponam
493 2653 664 2718 rationem.
736 2654 782 2739 ibi
797 2653 927 2740 quidem
943 2673 1008 2716 non
1022 2648 1213 2734 videtur'pie

176 2761 252 2841 dici,
277 2775 413 2827 matrem
437 2762 587 2827 habuisse
608 2746 675 2826 Jes'
743 2762 895 2840 Mariam,
924 2774 958 2825 et
985 2760 1120 2845 reliqua,
1142 2778 1214 2844 quse

178 2891 264 2933 nunc
278 2880 468 2956 prosecutus
484 2894 529 2950 es,
545 2893 618 2958 quae
641 2869 771 2957 quidem
790 2870 899 2935 omnia
919 2881 1063 2954 repetere
1079 2865 1214 2953 perhor-

98 3020 102 3026 -
177 2998 280 3043 resco.
325 2978 492 3043 Interdum
508 2978 637 3064 quidem
655 2980 729 3064 cogi
746 2979 828 3044 solet
842 2979 954 3043 artifex
968 2988 1100 3064 propter
1111 2975 1214 3059 impe·

179 3086 283 3151 ri-tiam
296 3087 470 3151 resistentis
488 3086 604 3166 dicere,
620 3101 654 3151 et
667 3088 770 3153 facere
785 3110 823 3152 ea
837 3111 910 3174 quae
926 3100 1054 3172 tempus
1069 3093 1197 3148 recusat
1205 3103 1216 3159 3

179 3204 214 3257 et
228 3192 300 3257 ideo
315 3193 391 3279 quia
405 3193 486 3257 mihi
501 3206 550 3257 est
571 3194 661 3258 illata
682 3195 854 3259 necessitas
875 3203 1007 3280 propter
1026 3200 1216 3277 praesentem

179 3302 319 3381 turbam,
338 3302 379 3366 ad
399 3324 448 3380 ea,
464 3326 537 3389 quae
554 3316 620 3368 ate
636 3327 699 3368 non
714 3317 800 3369 recte
814 3305 900 3369 dicta
915 3316 1002 3382 sunt,
1017 3290 1130 3388 paucis
1143 3309 1217 3361 “re-

180 3410 366 3495 spondeam.
402 3409 468 3473 Dic
491 3432 570 3496 ergo
595 3411 694 3490 mihi3
717 3412 743 3475 si
763 3413 875 3476 Jesum
897 3412 1064 3480 hominem
1087 3417 1219 3471 natura·

181 3521 256 3587 liter
274 3505 395 3585 factum
422 3519 670 3584 intellexerimus
691 3540 730 3582 ex
751 3520 870 3598 Maria,
894 3519 1066 3584 habentem
1087 3533 1217 3580 carnem

214 3677 228 3706 ¹
244 3675 274 3722 ln
286 3675 368 3722 codice
380 3673 505 3723 casinensi
515 3673 636 3731 scribitur,
648 3670 704 3719 sicar
714 3670 774 3717 lamo
784 3688 811 3718 ac
821 3670 925 3732 opinione.
945 3670 999 3734 (for.
1015 3665 1086 3714 nolens
1102 3681 1146 3730 pro
1162 3661 1219 3712 nelis

182 3755 300 3804 scribend.
312 3769 386 3816 supra
396 3754 441 3802 lin.
453 3751 487 3814 a.)

214 3845 228 3882 t
243 3836 327 3883 Codex
337 3835 474 3882 Casinensis
491 3835 524 3880 ita
539 3833 605 3895 legit,
623 3833 679 3880 nanc
695 3830 835 3898 quatrionem
850 3829 973 3894 diffigenter
988 3837 1067 3892 apem
1083 3837 1131 3874 tarn
1147 3824 1218 3874 nuni·

174 3916 296 3984 fictarum,
308 3925 374 3979 atque
385 3914 500 3978 manffeste
516 3911 663 3960 dissolverem.
697 3911 744 3959 Sed
759 3927 788 3960 ex
801 3913 906 3960 Manetis
918 3910 1112 3973 interrogatione,
1124 3906 1164 3955 cui
1175 3907 1220 3954 Ar·

184 3996 284 4044 chelaus
295 3996 430 4055 respondet,
441 4008 485 4041 nos
495 3994 563 4040 hunc
572 3991 658 4039 locum
669 3992 827 4039 restituimus.

217 4080 232 4106 ²
249 4074 404 4134 Respondeam,
416 4088 468 4134 pro,
481 4072 615 4134 respondebo,
627 4072 700 4120 sicin
712 4086 766 4132 cap.
773 4081 817 4129 as.
828 4071 936 4128 edoceam,
949 4084 992 4133 pro
1003 4068 1098 4116 edocebo.
1112 4067 1167 4132 (for.
1174 4078 1218 4130 po-

188 4155 260 4212 nend.
272 4152 367 4221 requirit
376 4166 420 4215 pro
430 4161 524 4210 recusat,
535 4160 559 4198 et
569 4151 634 4198 male
644 4151 772 4212 repetitum
783 4158 820 4197 est
829 4145 1017 4208 intellexerimus.)

288 4232 291 4237 ’
541 4232 630 4288 ⁴Phil.
640 4233 666 4281 ii.
675 4240 699 4288 7.
716 4232 777 4287 Mat.
791 4232 877 4288 itura
