2684 4740
157 109 397 188 ARCHELAI
419 112 478 176 ET
495 110 704 178 MANETIS
717 109 1010 176 DISPUTATIO.
1048 122 1108 192 227

64 296 161 358 cans,
183 292 280 367 atque
301 281 483 360 obsecrans,
506 305 676 369 usquequo
698 305 770 346 eam
786 305 805 347 a
820 281 970 346 servitute
982 279 1108 343 liberet.

65 386 262 452 Humanum
285 411 359 454 vero
381 412 485 475 genus
501 404 625 455 metuat
641 413 771 455 necesse
786 404 846 470 est,
861 394 922 452 '⁰et
936 387 1108 474 quamplu-

67 497 190 561 rimum
207 500 428 579 conturbetur,
450 522 509 585 pro
532 523 571 564 eo
594 501 682 586 quod
705 501 807 564 multa
830 498 948 562 delicta
969 495 1107 560 commi-

65 608 167 686 serit;
192 609 250 672 soli
277 631 352 672 vero
373 610 456 695 justi
481 608 688 688 laetabuntur,
716 619 920 692 expectantes
944 628 1017 690 quae
1047 602 1109 667 sibi

66 715 229 797 promissa
254 730 341 795 sunt,
370 739 427 782 nec
453 718 538 782 ultra
560 718 794 782 mundanarum
820 737 926 779 rerum
956 714 1106 778 substan-

57 823 114 897 tia
136 828 348 909 permanebit,
369 828 479 891 omnia
505 827 719 906 destruentur,
744 828 807 891 sive
830 823 1021 910 prophetiae,
1042 822 1106 887 sive

67 930 184 1011 horum
215 934 301 1012 libri,
329 937 393 1000 sive
424 936 544 1021 linguae
577 936 677 1001 totius
708 935 835 1022 generis
869 934 1040 997 cessabunt
1067 953 1107 996 eo

66 1041 156 1126 quod
172 1042 256 1107 ultra
272 1066 336 1108 non
353 1056 469 1129 egeant
486 1045 615 1109 solliciti
627 1064 705 1109 'esse
726 1045 886 1122 homines,
909 1053 942 1105 et
964 1041 1108 1126 cogitare

65 1148 107 1213 de
122 1149 185 1229 his,
202 1174 276 1236 quae
297 1152 339 1216 ad
363 1154 457 1216 vitam
481 1152 657 1216 necessaria
678 1163 764 1231 sunt,
783 1151 847 1215 sive
871 1150 1005 1215 scientia
1024 1171 1107 1235 quo·

66 1281 269 1346 rumcunque
292 1261 464 1326 doctorum
486 1263 582 1325 etiam
606 1261 675 1346 ipsa
697 1261 899 1325 destruetur:
924 1258 1003 1323 nihil
1021 1258 1107 1322 enim

65 1367 187 1432 horum
203 1371 334 1434 sufferre
348 1371 467 1455 poterit
482 1371 592 1454 magni
606 1369 691 1432 illius
709 1370 806 1454 Regis
820 1368 1002 1433 adventum.
1036 1367 1106 1431 Sic-

65 1488 104 1539 ut
126 1476 225 1540 enim·
239 1499 334 1562 parva
354 1478 492 1542 scintilla
512 1478 553 1542 ad
578 1478 781 1563 splendorem
804 1477 880 1541 solis
902 1476 1033 1540 admota
1053 1497 1106 1538 as·

64 1585 217 1663 sumitur,
234 1586 321 1649 illico
338 1609 401 1649 non
416 1595 548 1671 apparet
558 1610 569 1666 3
593 1586 638 1648 ita
658 1585 803 1649 universa
824 1597 979 1663 creatura,
1002 1583 1106 1647 omnis

63 1693 248 1778 prophetia,
263 1708 380 1758 cuncta
395 1693 538 1772 scientia,
553 1695 705 1757 universae
719 1693 851 1779 linguae,
863 1693 946 1758 sicut
961 1693 1107 1779 superius

56 1802 219 1882 dirumus,
231 1804 446 1868 destruentur.
481 1803 544 1868 Sed
557 1804 633 1890 quia
646 1805 782 1868 oaelestis
793 1805 891 1890 Regis
902 1804 1105 1891 praesentiam

63 1912 176 1998 paucis
192 1913 307 1992 verbis,
323 1926 357 1980 et
371 1912 552 1998 fragilibus,
568 1926 600 1977 et
613 1912 702 1976 valde
718 1912 850 1976 infirmis
863 1935 1021 2000 exponere
1041 1935 1105 1977 non
1186 1955 1192 1973 s

62 2021 149 2088 ¹valet
169 2023 311 2086 humana
332 2036 455 2102 natura,
480 2036 516 2087 ut
537 2020 879 2088 fortasse'Sanctorum
896 2021 1011 2086 debeat
1025 2042 1106 2101 esse,

61 2143 98 2195 et
113 2132 206 2195 valde
222 2132 396 2217 dignorum
412 2132 452 2195 de
467 2133 537 2217 ipso
552 2133 672 2218 aliquid
688 2155 831 2198 enarrare
839 2158 849 2212 3
873 2145 980 2195 tamen
995 2151 1104 2194 neces-

60 2240 168 2306 sitatis
182 2258 290 2320 eausa,
306 2242 367 2306 ista
382 2245 433 2304 r'ne
454 2241 570 2306 sufficit
592 2242 774 2326 protuIIsse,
795 2241 892 2326 hujus
913 2239 1105 2325 importuni-

52 2360 131 2418 tate
146 2349 365 2436 compulsum,
381 2364 419 2414 ut
434 2351 531 2415 istum
549 2351 638 2415 vobis
653 2350 756 2437 qualis
770 2363 854 2413 esset
869 2348 1084 2434 ostenderem.

107 2458 308 2524 XXXVIII.
332 2461 377 2523 Et
398 2480 462 2545 ego
492 2458 623 2545 quidem
653 2459 800 2523 beatifico
829 2458 1044 2538 Marcionem,
1071 2470 1104 2523 et

57 2564 358 2647 PValentinianum,
373 2589 411 2632 ac
425 2567 610 2647 Basilidem,
626 2567 770 2654 aliosque
785 2567 965 2648 haereticos,
979 2567 1051 2631 ‹rsie
1066 2581 1103 2632 ut

60 2674 165 2741 istius
177 2678 430 2763 comparatione,
451 2679 507 2764 qui
525 2677 610 2742 velut
632 2678 798 2742 intellectu
817 2677 926 2763 aliquo
946 2678 997 2741 usi
1017 2689 1103 2758 sunt,

59 2784 119 2870 qui
134 2784 282 2850 videntur
297 2787 358 2851 sibi
373 2803 504 2850 omnem
521 2787 718 2873 Scripturam
739 2807 834 2872 posse
856 2785 1047 2870 intelligere,
1070 2799 1103 2850 et

58 2890 127 2956 riu
146 2913 181 2955 se
200 2892 350 2957 ductores
371 2906 552 2984 statuerunt
573 2894 623 2979 ijs,
643 2895 700 2979 qui
722 2916 757 2957 se
777 2893 887 2957 audire
909 2893 1101 2974 voluissent3

58 3000 170 3065 nullus
192 3015 301 3068 tamen
318 3004 462 3089 ipsorum
481 3025 578 3067 ausus
599 3015 648 3066 est
667 3004 777 3066 Deum
797 3023 831 3065 se
851 3000 1037 3086 praedicare,
1053 3003 1102 3066 vel

61 3111 246 3194 Christum,
262 3116 312 3179 vel
333 3117 535 3194 Paraclitum,
557 3115 642 3179 sicut
662 3115 733 3193 iste,
755 3115 812 3200 qui
833 3114 1005 3200 aliquando
1027 3116 1100 3200 qui-

58 3221 137 3287 dem
151 3223 192 3287 de
205 3225 320 3290 seculis
336 3226 490 3312 disputat,
507 3225 679 3313 aliquando
693 3225 827 3307 desole,
841 3226 1102 3311 quomodofacta

91 3378 106 3404 ⁰
122 3374 152 3421 In
170 3375 253 3422 codice
271 3374 406 3434 CasInensi,
423 3387 444 3422 et
459 3373 629 3438 cumplurimum
644 3374 791 3423 conturbetur.
821 3375 886 3440 (For.
905 3375 967 3424 Infra
983 3377 1100 3426 scribenti.

57 3453 217 3515 Simcum.)

92 3538 105 3576 Ρ
123 3535 325 3584 Valentinianum
341 3545 421 3595 vocat,
437 3552 513 3598 quern
530 3539 571 3586 alii
582 3536 742 3586 VelentInum
753 3537 891 3596 nominant,
903 3537 1024 3587 celebrem
1034 3541 1102 3601 Apo-

56 3616 202 3677 stplicorum
213 3628 352 3680 temporum
363 3618 558 3666 haeresIarcham.

92 3706 104 3738 ‘¹
124 3699 155 3747 In
166 3700 250 3746 codice
261 3699 386 3747 Casinensi
398 3709 442 3758 est,
454 3700 510 3746 sicut
521 3698 584 3746 istius
590 3700 717 3761 paratione.
750 3701 796 3748 Sed
806 3699 948 3762 legendum,
960 3699 992 3745 sic
1002 3710 1027 3747 ut
1038 3701 1101 3749 r'rtr‘ur

57 3780 228 3844 comparatione.
261 3781 396 3828 Archelaus
413 3783 480 3829 enim
496 3780 578 3828 beatos
595 3779 652 3828 facit
669 3781 831 3840 Marcionem,
848 3764 1100 3842 aliosque'haer'ettcos‚

56 3879 110 3911 non
121 3863 187 3923 quod
199 3863 232 3910 ita
243 3863 273 3910 de
284 3862 331 3910 illis
347 3862 503 3910 sentiendum
519 3863 566 3922 sit;
581 3863 623 3910 sed
638 3863 703 3922 quod
720 3863 815 3910 Maneti
832 3862 986 3910 insanissimo
1002 3873 1100 3926 compa-
1164 3849 1167 3853 ’

59 3945 117 4001 carl,
130 3944 214 3991 minus
226 3958 302 3991 errare
313 3943 532 4004 deprehendantur.
1076 3933 1080 3939 ⁴

10 4071 14 4076 ,
93 4032 101 4057 ¹
121 4025 234 4072 Casmen.
247 4020 280 4070 ira
291 4025 408 4071 seductores
419 4033 551 4082 statuerunt,
564 4022 612 4087 qur'·

476 4127 610 4201 *or
