2684 4740
181 260 224 392 ῥα
376 306 651 376 coucnruu
674 306 975 376 nuenarianae
1000 304 1027 373 1.

662 480 743 544 XII.
1075 535 1078 542 .

224 588 301 653 cDe
322 587 477 673 ministris
498 589 555 676 qui
579 589 734 669 fenerant,
752 590 875 677 placuit
895 611 953 655 eos
968 587 1066 677 juxta
1085 589 1216 656 forman

180 697 332 764 divinitus
346 697 456 765 datam
469 722 490 764 a
504 700 736 767 communione
749 699 935 765 dabstineri.

147 982 150 991 r
223 922 278 987 De
301 921 351 986 bis
373 920 429 1010 qui
452 922 625 1008 scripturas
647 820 773 986 sillia·
795 921 966 987 tradidisse
989 922 1154 1004 dicuntur,
1171 924 1216 986 ‘va

181 1052 254 1095 vasa
267 1031 455 1110 Dominica,
473 1030 521 1094 vel
543 1032 674 1095 nomina
690 1033 827 1097 fratrum
848 1054 1002 1112 suorum;
1025 1030 1149 1118 placuit
1166 1051 1216 1096 uo=

179 1138 242 1220 bis,
258 1155 295 1204 ut
310 1140 506 1226 quicumque
522 1161 691 1207 eorumex
703 1140 782 1206 actis
797 1142 936 1228 publicis
950 1141 1047 1206 fuerit
1061 1140 1217 1219 detectus,

179 1272 244 1314 non
269 1250 371 1313 verbis
397 1250 503 1329 nudis,
529 1252 571 1314 ab
596 1251 709 1316 ordine
733 1251 812 1316 cleri
841 1255 1038 1316 amoveatur.
1081 1252 1172 1316 Nam
1198 1254 1216 1317 si

179 1357 278 1425 iidem
294 1358 420 1446 aliquos
434 1359 598 1424 ordinasse
613 1362 732 1426 fuerint
747 1361 949 1446 deprehensi,
964 1366 998 1427 et
1016 1360 1058 1425 de
1075 1359 1127 1426 his
1142 1382 1216 1449 quot

179 1467 394 1533 ordinaverint
415 1469 496 1533 ratio
509 1469 668 1548 subsistit,
683 1483 772 1534 enon
787 1470 850 1535 illis
864 1471 950 1535 obsit
965 1470 1153 1537 ordinatius
1183 1473 1216 1537 Et

179 1577 344 1666 quoniam,
368 1578 560 1643 multisunt
585 1580 641 1668 qui
668 1596 781 1645 contra
805 1581 1054 1646 ecclesiasticam
1074 1581 1216 1673 pegulan

179 1709 327 1774 pugnare
349 1686 507 1767 videntur,
527 1702 562 1754 et
582 1711 641 1774 per
661 1696 760 1754 testes
781 1690 970 1777 redemptos
992 1693 1110 1779 putant
1127 1712 1169 1756 se
1184 1691 1216 1756 ar‘

178 1797 417 1863 accusationem
443 1797 571 1861 admitti
595 1797 724 1878 debere,
751 1800 885 1865 omnino
898 1822 974 1864 non
998 1799 1216 1879 admittantur,

180 1906 241 1978 nisi
256 1920 404 1993 utsupra
418 1906 570 1987 diximus,
584 1909 665 1974 actis
680 1909 817 1995 publicis
831 1909 999 1974 docuerint
1008 1909 1028 1974 f.

609 2006 612 2011 ’
653 2029 747 2093 xlv.
976 2018 981 2024 ’

167 2147 169 2151 ·
224 2128 303 2192 sDe'
318 2127 368 2192 bis
384 2129 440 2215 qui
455 2128 535 2194 falso
551 2141 703 2194 accusant
717 2130 830 2195 iratres
845 2153 932 2211 suos,
948 2130 1071 2218 placuit
1092 2152 1150 2197 eos
1170 2153 1216 2198 us·

165 2260 244 2327 „que
255 2231 299 2304 'ad
314 2238 435 2306 exitum
452 2260 517 2303 non
529 2237 808 2303 communicareh.

664 2362 740 2427 XV.

157 2533 160 2545 Ι
222 2464 275 2529 De
297 2463 498 2543 diaconibus,
521 2485 604 2550 quos
626 2462 839 2549 cognovimus
863 2461 973 2527 multis
994 2460 1077 2527 locis
1099 2461 1216 2541 offerre,

178 2573 302 2665 placuit
316 2573 448 2638 minime
462 2573 529 2638 fieri
544 2573 671 2639 debere.

651 2683 745 2746 XVI.

221 2791 295 2856 iDe
309 2791 360 2855 his
371 2756 430 2878 ᾖ
446 2813 505 2877 pro
519 2792 638 2855 delicto
658 2813 717 2854 suo
738 2813 757 2854 a
777 2790 1008 2857 communione
1024 2803 1215 2877 separantur

176 2899 301 2987 placuit
323 2913 360 2962 ut
382 2900 413 2962 in
437 2900 696 2985 quibuscumque
717 2898 798 2963 locis
818 2900 934 2965 fuerint
955 2899 1088 2981 exclusi,
1106 2899 1216 2967 eodeu

179 3008 254 3073 loco
269 3007 535 3072 communionem
550 3021 787 3095 consequantur
797 3008 825 3073 k.

223 3228 273 3292 Ut
287 3225 394 3291 nullus
408 3226 580 3313 episcopus
594 3128 898 3316 aliribildpliscopum
913 3227 1084 3298 linculcet.
1127 3273 1131 3315 3

178 3334 181 3338 ·
591 3424 594 3429 ἢ
634 3336 775 3407 ΧνΙΗ.
974 3346 977 3351 ·

196 3428 278 3523 'De'
301 3435 489 3501 diaconibus
516 3435 645 3516 urbicis,
671 3449 747 3502 mut
770 3458 835 3501 non
861 3435 923 3502 sibi
948 3432 1074 3503 tantum
1099 3461 1216 3526 presu-

213 3604 224 3631 ί
236 3594 324 3653 Elibar'.
335 3610 391 3644 can.
400 3606 440 3644 ao.
457 3607 481 3644 a.
491 3609 554 3646 xrv.
565 3595 610 3646 Qu.
620 3607 644 3644 a.
658 3595 762 3645 Ministri
774 3598 817 3658 qui
828 3598 975 3645 fenerantur.
990 3597 1027 3653 Bt
1036 3597 1090 3655 lvo,
1101 3597 1216 3660 pamiil

180 3693 233 3741 cap.
245 3689 282 3728 ιο.
294 3695 322 3724 ex
333 3677 398 3726 Cone.
408 3676 497 3725 Arelat.
507 3693 525 3726 1.
537 3692 589 3740 cap·
602 3689 640 3727 ln.
722 3677 916 3727 databstinere.
998 3678 1216 3729 ‘Metlimutnttt¹

181 3759 298 3825 men-illis
308 3761 423 3808 subsistat
432 3761 560 3809 ordinatio.
587 3823 589 3827 Ι
652 3756 770 3808 ‘Merlim
783 3771 804 3807 et
816 3760 899 3808 Crabb.
910 3761 1003 3827 addunt,
1015 3762 1144 3809 docuerint
1153 3761 1216 3812 ond

178 3856 206 3890 sc
215 3841 352 3904 suspicione
362 3855 451 3891 carere.
537 3839 763 3903 sulimatum.
852 3841 1061 3889 hAddunriidm:
1078 3841 1216 3893 sednlsuu

179 3933 266 3973 testem
279 3923 352 3983 juxta
367 3925 511 3986 scripturam
529 3923 682 3984 impunitum
699 3937 750 3972 nou
766 3922 838 3971 licere
854 3938 913 3973 esse.
1001 3921 1215 3987 *Etiamnum

181 4005 193 4036 ¹‘
213 4005 270 4054 Cum
281 4005 321 4052 isto
330 4021 419 4061 canone,
429 4003 453 4049 in
465 4003 595 4068 quibusdam
605 4003 681 4052 MSS.
692 4014 806 4068 tamquam
816 4005 935 4052 membrum
946 4005 1000 4067 ejus,
1009 4020 1099 4069 sequens
1110 4005 1216 4069 conjugi

181 4095 234 4135 tur:
251 4086 290 4133 sed
299 4084 342 4132 alii
352 4100 401 4131 cum
411 4083 542 4133 Burelardo
551 4094 574 4131 et
585 4085 655 4132 Inone
663 4083 810 4147 distinguunt.
883 4082 894 4135 ¹,
903 4084 998 4133 Merlin.
1007 4095 1030 4132 et
1042 4085 1125 4135 orata.
1136 4095 1162 4134 et
1172 4087 1216 4139 Ivs

180 4176 274 4228 parta.
282 4180 336 4230 cap.
345 4175 402 4216 aas.
411 4173 434 4212 et
444 4157 525 4212 aaran.
536 4163 579 4212 lib.
586 4165 604 4216 i.
613 4179 667 4228 cap.
677 4176 732 4217 lta.
744 4165 829 4228 legunt,
840 4165 977 4215 conculcet.
984 4182 1018 4220 >ea
1026 4165 1094 4216 conc.
1102 4158 1196 4219 Ardet.
1206 4183 1214 4217 ι

179 4259 234 4309 cap.
244 4255 282 4302 ιγ.
356 4249 375 4277 ²¹¹
386 4243 485 4294 Malim
495 4254 518 4291 et
530 4242 614 4294 Crabb.
625 4255 715 4296 utnon
726 4245 818 4309 aliquid
829 4261 872 4309 per
881 4261 908 4297 se
918 4255 1076 4309 presumant.
