2684 4740
320 295 467 365 GESTA
488 292 800 363 PURGATIONIS
823 294 1008 363 FELICIS.
1143 310 1185 383 77

142 491 181 535 se
194 467 289 547 dixit,
303 489 490 556 quaesumus
505 467 569 531 hoe
583 466 663 532 actis
678 465 742 531 tuis
756 466 888 533 haereat.
916 465 1079 553 Speretius
1091 465 1188 533 dixit:

144 580 240 666 Quae¹
256 576 381 643 dixistis
406 577 524 662 scripta
546 588 632 641 sunt.
672 575 865 641 Caecilisnus
890 575 1075 663 respondit:
1100 575 1189 641 Cillo

141 686 280 775 ‚isonex
290 687 359 766 illo,
367 685 504 772 Drepsa)
516 687 705 766 estfalsum,
717 708 888 774 quousque
899 700 949 751 est
959 686 1096 773 epistola
1106 707 1192 769 mea,

146 820 320 887 quousque
334 797 418 864 dixi:
435 798 520 862 Bene
534 797 616 878 vale,
630 813 744 885 parens
758 799 926 865 carissime.
949 799 1099 867 AElianus
1113 820 1190 887 pro·

146 909 264 975 consul
279 907 381 972 dixit:
404 910 511 995 Quem
526 907 606 972 dicis
622 908 783 973 addidisse
796 909 837 974 ad
852 909 1044 996 epistolam?
1083 908 1191 974 Caeci·

145 1017 252 1083 lianus
267 1016 369 1081 dixit:
395 1016 594 1101 lugentium.
631 1016 779 1087 AElianus
797 1018 972 1106 proconsul
986 1017 1087 1083 dixit:
1111 1019 1191 1083 Pro·

147 1127 248 1207 fessio
264 1138 321 1192 tus
334 1125 413 1190 actis
429 1126 542 1192 haeret.
570 1125 719 1191 AElianus
735 1127 909 1212 proconsul
924 1127 1074 1214 Ingentio
1089 1126 1192 1199 dixit:

147 1235 337 1323 Torqueris,
360 1257 402 1300 ne
428 1235 613 1311 mentiaris..
646 1236 815 1321 ingentius
837 1235 939 1301 dixit:
969 1237 1090 1316 Errasti,
1116 1236 1194 1304 huic

150 1341 298 1432 epistelae
311 1365 374 1430 ego
384 1343 504 1423 addidi,
515 1343 628 1408 dolens
640 1365 737 1409 causa
749 1345 857 1409 Mauri
867 1344 1004 1432 hospitis
1017 1346 1090 1411 mei.
1108 1347 1194 1411 AEli·

152 1478 230 1525 anus
244 1455 420 1542 proconsul
435 1452 534 1520 dixit:
559 1451 792 1519 Constantinus
806 1453 970 1519 Maximus
985 1476 1110 1542 semper
1122 1458 1195 1522 Au·

152 1577 270 1651 gustus
291 1573 325 1628 et
344 1561 487 1629 Licinius
502 1560 648 1627 Caesares
667 1561 713 1626 ita
728 1561 882 1649 pietatem
898 1563 1089 1631 Christianis
1102 1565 1197 1633 exhi·

153 1676 229 1741 bere
243 1673 421 1760 dignantur
435 1686 472 1741 ut
487 1673 687 1760 disciplinam
707 1672 871 1759 corrumpi
886 1672 1001 1753 nolint,
1017 1674 1073 1743 sed
1086 1674 1198 1762 potius

153 1783 316 1860 observari
330 1782 520 1868 religionem
537 1782 630 1848 istam
645 1797 680 1848 et
693 1783 758 1847 coli
773 1781 880 1848 velint.
917 1783 998 1849 Noli
1014 1783 1123 1871 itaque
1136 1784 1198 1850 tibi

154 1893 292 1959 blandiri
304 1893 393 1981 quod
408 1893 490 1957 mihi
504 1893 592 1959 dicas
608 1892 827 1958 Decurionem
842 1905 873 1957 te
887 1914 969 1972 esse,
980 1915 1018 1958 ao
1029 1906 1200 1981 propterea

153 2024 218 2093 non
238 2002 347 2091 possis
369 2001 521 2090 torqueri.
565 2001 749 2088 Torqueris,
764 2023 805 2066 ne
825 2001 1000 2081 mentiaris,
1015 2001 1103 2089 quod
1117 2002 1197 2068 alie·

156 2135 231 2199 num
250 2112 443 2179 Christianis
464 2114 534 2176 esse
552 2110 688 2178 videtur.
714 2185 717 2189 ,
730 2113 774 2177 Et
787 2110 861 2175 ideo
877 2110 929 2176 dic
944 2108 1143 2197 simpliciter,
1158 2134 1200 2177 ne

157 2222 349 2311 torquearis.
393 2221 562 2308 ingentius
577 2220 676 2286 dixit:
691 2221 766 2286 Jam
780 2221 945 2286 confessus
960 2242 1033 2285 sum
1048 2219 1117 2287 sine
1130 2233 1200 2288 tor·

157 2345 280 2397 mento.
317 2331 525 2418 Apronianus
547 2329 648 2396 dixit:
677 2329 824 2416 Dignare
847 2328 888 2394 de
911 2351 958 2407 eo¹
972 2351 1116 2418 quaerere
1136 2354 1202 2418 qus

157 2440 361 2520 auctoritate,
376 2463 443 2528 quo
465 2439 556 2520 dolo,
575 2461 640 2525 qua
661 2438 785 2504 insania
807 2437 967 2504 circuierit
987 2439 1202 2505 Mauritaniae

158 2575 283 2633 omnes,
299 2553 474 2619 Numidias
492 2553 602 2634 etiam,
616 2552 820 2641 qua‘rstionc
841 2552 1029 2618 seditionem
1051 2574 1200 2619 commo·

159 2664 237 2737 serit
260 2664 432 2731 catholicae
456 2666 612 2731 ecclesiae.
648 2665 797 2731 AElianus
819 2664 993 2752 proconsul
1013 2663 1117 2731 dixit:
1145 2664 1202 2730 Ad

160 2772 333 2845 Numidias
348 2775 459 2845 fuisti?
492 2775 692 2863 Respondit:
716 2777 808 2855 Non,
822 2775 976 2840 Domine.
996 2775 1038 2840 sit
1053 2775 1109 2862 qui
1123 2794 1202 2862 pro·

162 2881 224 2949 bet.
261 2884 410 2949 AElianus
425 2885 598 2971 proconsul
611 2885 714 2954 dixit:
739 2886 813 2950 Nec
833 2884 866 2948 in
887 2883 1106 2950 Mauritania?
1137 2885 1203 2950 Re.-

163 2992 312 3076 spondit:
335 2994 509 3080 Negotiari
523 2994 580 3059 illo
596 2994 655 3058 fui.
692 2993 899 3079 Apronianus
913 2993 1014 3060 dixit:
1035 2996 1079 3060 Et
1092 2994 1125 3059 in
1139 2994 1203 3060 hoo

166 3102 330 3181 mentitur,
343 3102 499 3181 Domine,
515 3124 588 3167 nam
609 3101 650 3171 ad
670 3101 877 3173 Mauritaniae
893 3101 990 3168 situm
1007 3103 1134 3169 nonnisi
1147 3123 1204 3190 per

153 3208 336 3276 ¹Numidias
349 3213 509 3299 pergitur,
521 3225 680 3298 quatenus
692 3210 772 3280 dicit
786 3234 820 3277 se
832 3212 872 3287 ,in
883 3213 1079 3282 Mauritania
1093 3213 1205 3293 fuisse,

168 3339 224 3383 non
237 3319 338 3384 fuisse
353 3318 386 3384 in
401 3319 571 3385 Numidia.
594 3319 744 3386 AElisnus
757 3321 932 3408 proconsul
944 3320 1096 3408 ingentio
1107 3322 1205 3388 dixit:

171 3424 268 3517 Cujus
283 3427 480 3497 conditionis
494 3431 550 3492 es?
582 3428 752 3515 Ingentius
766 3429 952 3517 respondit:
973 3430 1117 3495 Decurio
1133 3453 1210 3519 sum=

169 3533 388 3627 ziquensium.
426 3536 573 3605 AElianus
593 3536 767 3624 proconsul
780 3539 822 3602 ad
837 3538 977 3603 officium
992 3538 1072 3605 dixit
1087 3565 1095 3604 ι
1120 3541 1207 3606 Sub·

169 3642 254 3713 mitte
275 3642 381 3735 illurn.
426 3646 504 3730 Quo
529 3645 705 3726 submisso,
727 3645 876 3713 AElianus
900 3649 1074 3733 proconsul
1101 3649 1209 3717 Caecle

164 3744 248 3818 liano
263 3750 368 3817 dixit:
392 3752 486 3817 Falsa
505 3754 586 3820 dicis
610 3778 683 3841 quae
704 3753 822 3830 dixisti.
861 3755 1053 3827 Caeciliauus
1073 3781 1208 3846 respon·

162 3860 229 3933 dit:
252 3866 344 3946 Non,
360 3868 515 3949 Domine.
547 3871 581 3933 Is
594 3870 651 3956 qui
665 3870 794 3957 scripsit
807 3869 988 3964 epistolam,
997 3869 1080 3958 jube
1095 3872 1208 3937 veniat.

154 3968 303 4040 Amicus
316 3974 417 4060 ipsius
431 3988 491 4040 est.
523 3978 598 4063 lpse
611 3977 698 4043 dicet
713 3981 882 4071 quousque
897 3978 1013 4044 dictavi
1027 3980 1209 4066 epistolam.

153 4077 313 4150 AElianus
328 4084 504 4169 proconsul
516 4084 618 4155 dixit:
640 4087 723 4173 Quis
745 4099 794 4153 est
814 4085 870 4153 ille
887 4107 984 4174 quem
998 4085 1103 4151 venire
1121 4086 1208 4166 desis

148 4182 281 4257 derasi
313 4190 510 4258 Caecilianus
524 4193 606 4263 dixit
619 4188 634 4258 ε’
650 4193 868 4281 Augentlum,
881 4215 956 4259 cum
972 4215 1039 4291 quo
1053 4192 1101 4258 fui
1114 4195 1210 4263 AEdr-

144 4287 218 4368 lis.
257 4302 340 4368 Non
352 4322 487 4401 possum
502 4303 640 4393 probare
656 4282 788 4397 nisiper
801 4302 910 4391 ipsum
924 4302 1142 4405 Augentium,
1154 4307 1215 4414 qul
