2684 4740
327 323 599 393 concursu
622 319 881 388 nouantur.
1081 318 1123 403 6⁷

70 516 142 565 uon
160 495 332 585 potuisset.
374 497 527 563 Hsbetur
547 495 697 560 volumen
718 505 878 569 actorum,
899 488 932 554 in
955 510 1022 574 quo
1042 506 1124 554 cou-

71 609 224 673 tinentur
235 605 444 695 presentium
462 606 604 686 nomina,
618 605 675 692 qui
688 604 815 669 fuerant
830 602 863 666 in
878 622 976 666 causa
991 599 1126 667 Claudii

75 717 238 783 Saturiani
260 719 428 798 curatoris,
449 732 484 785 et
508 717 674 784 Caeciliani
697 714 918 802 magistratus,
940 725 974 777 et
996 711 1124 799 superii
1219 720 1231 749 ‘

77 827 265 907 natimsrii,
284 838 318 893 et
339 828 455 894 scribae
474 828 627 914 Ingenui,
641 839 674 891 et
690 826 820 891 Solonis
836 823 981 890 officialis
1000 821 1124 910 publici

79 934 177 1023 ipsius
197 934 364 1023 temporis.
409 937 486 1001 Post
505 957 642 1024 quorum
662 956 862 1023 responsa,a
881 955 976 1020 supra
996 954 1125 1012 memo·

79 1060 147 1113 rsto
160 1045 357 1133 proconsule
370 1045 442 1111 haeo
463 1067 537 1133 pars
557 1045 725 1110 sententiae
740 1044 828 1109 dicta
842 1056 913 1109 est:
943 1050 967 1084 “
982 1043 1124 1109 Felicem

79 1157 103 1192 “
116 1165 226 1218 autem
240 1153 430 1239 religiosum
443 1154 645 1240 episcopum,
661 1153 800 1218 liberum
814 1172 884 1217 esse
898 1151 940 1216 ab
953 1149 1124 1215 exustione

75 1261 403 1329 “instrumentorum
421 1263 630 1329 manifestum
645 1274 705 1342 est,
720 1284 796 1329 curn
812 1283 909 1327 nemo
924 1261 956 1324 in
972 1282 1048 1325 eum
1062 1259 1124 1325 ali·

75 1373 193 1461 “quid
213 1374 352 1461 probare
372 1374 528 1461 potuerit,
552 1373 641 1464 quod
665 1372 923 1459 religiosissimas
948 1372 1124 1458 scripturas

69 1487 104 1523 “
118 1484 285 1553 tradiderit
296 1483 347 1552 vel
362 1484 530 1550 exusserit.
570 1484 726 1550 Omnium
738 1484 825 1550 enim
842 1482 1053 1570 interrogatio
1068 1506 1124 1548 su·

69 1595 105 1635 “
116 1594 367 1682 prescriptorum
389 1594 560 1660 manifesta
581 1606 642 1674 est,
662 1593 766 1660 nullas
788 1594 962 1680 scripturas
980 1594 1124 1676 deificas,

62 1700 162 1768 “vel
189 1702 346 1785 inventas,
372 1705 422 1771 vel
446 1720 626 1792 corruptas,
649 1705 698 1770 vel
720 1705 867 1770 incensas
891 1706 1000 1771 fuisse.
1044 1707 1123 1777 Hoc

62 1814 102 1853 “
113 1815 193 1905 actis
215 1815 411 1896 continetur,
435 1816 523 1903 quod
550 1816 637 1880 Felix
663 1815 834 1903 episcopus
856 1817 1037 1903 religiosus,
1059 1816 1123 1882 illis

59 1920 100 1961 “
112 1921 329 2008 temporibus,
346 1945 453 2011 neque
474 1945 613 2011 praesens
633 1925 743 2004 fuerit,
762 1947 867 2013 neque
887 1926 1121 1991 conscientiam

59 2028 99 2068 ‘⁴
111 2031 417 2112 accommodaverit,
428 2054 533 2121 neque
547 2032 668 2121 aliquid
681 2033 746 2099 tale
759 2035 826 2099 fieri
834 2034 1001 2121 jusserit.”
1024 2031 1123 2098 Unde

59 2138 283 2226 pulsantque
297 2155 422 2208 extersa
436 2142 579 2223 infamia,
595 2165 671 2209 cum
686 2144 812 2230 ingenti
829 2144 924 2210 laude
939 2143 980 2209 de
994 2143 1051 2213 illo
1066 2142 1123 2237 juv

60 2248 161 2323 dicio
175 2250 319 2317 recessit.

420 2442 782 2499 auu-*num

566 2624 629 2692 IV.

108 2777 162 2841 Es
176 2777 340 2835 Collotlonis
354 2775 484 2849 Cortaog.
500 2774 678 2850 cognitione
692 2775 733 2834 lii.
748 2794 811 2854 cup.
821 2777 891 2838 223.
906 2795 957 2835 seu
971 2779 1068 2856 potius
1082 2797 1119 2840 es

60 2859 178 2937 ospitis
191 2857 269 2915 illius
283 2855 381 2924 titulo,
397 2857 447 2932 qui
460 2855 538 2913 solus
555 2864 695 2933 superest,
709 2866 801 2933 patet,
815 2877 865 2934 per
878 2859 1004 2915 triduum
1017 2861 1047 2917 in
1062 2861 1119 2918 hoo

57 2937 211 2996 Concilio
221 2937 376 2995 Caeciliani·
384 2954 500 2993 causum
514 2947 608 2993 actam
621 2936 720 2995 fuisse.
747 2936 840 2995 Porro
853 2938 981 3007 tradidit,
994 2958 1056 3015 quae
1071 2942 1119 2997 hio

52 3028 244 3094 toquentur,
259 3018 290 3075 in
303 3016 379 3074 libro
392 3017 481 3074 tertio
495 3017 634 3075 Breniculi
646 3017 807 3074 Collationis
820 3019 950 3094 Cortlsng.
962 3021 1057 3099 capite
1067 3021 1118 3081 xii.

56 3101 96 3171 ς.
107 3098 161 3157 24.
174 3117 207 3177 p.
217 3098 289 3158 ³8⁵.
303 3097 347 3155 ed.
360 3096 485 3160 Amstel.
500 3097 732 3172 &Augustinus

110 3227 257 3297 Arous
271 3226 348 3326 inde
362 3248 403 3326 ex
416 3224 528 3292 ordine
541 3226 609 3327 legi
622 3226 1046 3328 coepituetiamsspiscopale
1061 3230 1119 3329 ju-

46 3308 194 3377 dicium
216 3311 413 3376 Melchradrs
434 3313 572 3376 Romam
590 3332 735 3398 eprscopr
752 3324 786 3376 et
805 3313 955 3394 aliorum,
970 3335 1044 3377 cum
1060 3315 1118 3380 rllo

48 3396 246 3463 Gallorum
266 3408 301 3462 et
321 3396 480 3462 Italorum
501 3397 738 3546 Episcoporum
760 3398 793 3461 in
817 3397 930 3463 eadem
950 3399 1030 3463 urbe
1050 3401 1118 3464 Ro·

48 3496 137 3545 tnse
164 3481 302 3546 factum.
357 3480 463 3568 Cujus
484 3482 524 3569 ju
547 3481 600 3546 icii
626 3483 730 3566 prima
795 3494 856 3562 rte,
882 3481 915 3546 id
941 3498 991 3548 est
1015 3485 1117 3571 gestis

45 3565 172 3712 giuti
189 3564 255 3633 diei
275 3566 428 3646 recitatis,
450 3567 506 3630 ubi
527 3578 729 3631 accusatores
784 3568 930 3647 aeciliani,
949 3570 1003 3655 qui
1026 3569 1118 3635 missi

110 3663 212 3728 eraut,
224 3665 423 3743 negaverunt
436 3673 472 3716 se
490 3651 610 3715 habere
623 3650 712 3738 quod
732 3652 765 3715 in
777 3674 860 3722 eum
879 3653 1022 3722 dicerent
1028 3677 1038 3734 ς
1060 3655 1119 3720 ubi

49 3733 345 3805 etiam-Donatus
366 3758 387 3800 a
404 3735 497 3800 Casis
517 3735 632 3822 Nigris
649 3735 683 3798 in
702 3739 851 3822 praesenti
870 3739 1036 3806 convictus
1055 3750 1117 3818 est,

50 3816 182 3885 adhuc
199 3819 339 3885 diacono
361 3819 539 3886 Cseciliano
559 3820 701 3885 schisma
721 3821 834 3886 fecisse
850 3822 1059 3910 Carthagine,
1075 3824 1118 3889 de

55 3892 284 3991 Carthaginis
299 3905 384 3970 enim
400 3905 575 3970 schismate
588 3920 701 3971 exorta
715 3918 765 3971 est
781 3906 1117 3974 adversus’ecclesiam

64 3985 269 4054 mdrelicam
283 4011 358 4076 pars
372 3990 514 4066 Donati;
530 3990 588 4056 ubi
601 3991 699 4057 etiam
713 3993 930 4077 promiserunt
943 3993 1043 4057 iidem
1057 3993 1116 4058 ad-

67 4074 203 4139 versarii
218 4073 386 4140 ceciliani
403 4075 467 4140 alio
485 4074 538 4143 die
554 4097 591 4140 se
605 4089 898 4162 repraesentaturos,
914 4100 996 4164 quos
1009 4098 1116 4155 causas

76 4158 272 4249 marios
284 4159 481 4226 subtraxisse
494 4159 730 4250 arguebantur,
750 4176 783 4227 et
796 4162 861 4229 hoc
874 4161 1014 4249 mentiti,
1031 4162 1115 4237 ulte.

88 4242 198 4311 ”itud
205 4241 370 4335 judiciam
384 4244 538 4317 secedere
552 4244 736 4314 noluerunt.
1115 4272 1119 4279 ·

573 4344 628 4398 1²2
