2684 4740
243 295 310 363 ωδ-
443 294 590 365 GESTA
611 296 739 365 APUD
762 295 1086 367 ZENOPHlLUM.

240 464 325 545 haec,
349 475 384 531 et
406 466 573 553 perducite
594 467 636 535 ad
658 489 784 555 pacem.
832 468 925 535 Dicit
949 470 1035 535 enim
1059 469 1283 541 Nundinarius

240 575 397 641 diaconus
421 575 510 662 quod
533 576 612 642 nihil
637 599 693 644 vos
719 579 829 658 lateat,
852 580 936 646 unde
959 579 1032 645 haec
1051 579 1209 647 dissensio
1231 596 1283 651 est

240 683 325 750 iuter
345 685 545 752 carissimum
567 700 714 753 nostrum
737 688 900 753 Silvanum
919 702 953 753 et
972 689 1091 775 ipsum.
1133 690 1286 759 Tradidit

238 794 327 860 enirn
348 795 430 859 mihi
449 795 596 861 libellum
610 795 643 861 in
658 817 724 883 quo
737 796 848 863 omnia
861 809 937 863 sunt
951 797 1144 884 conscripta.
1187 797 1289 867 Dixit¹

116 990 126 996 -
238 903 326 969 euim
338 915 373 967 et
385 924 441 967 vos
455 924 522 969 non
536 903 646 970 latere.
668 907 743 991 Ego
756 905 849 971 ascio
863 906 940 992 quia
954 906 1040 973 auris
1055 929 1119 972 non
1133 919 1194 973 est.
1214 909 1284 973 Bo·

239 1035 320 1078 num
346 1013 481 1098 quaerite
506 1012 684 1079 remedium
709 1014 877 1100 quomodo
903 1015 1108 1100 extinguatur
1133 1016 1206 1083 haec
1230 1038 1284 1085 ros

238 1122 309 1188 aine
320 1121 465 1207 periculo
478 1121 593 1187 anima
607 1133 741 1202 restrae;
764 1144 804 1188 ne
819 1123 928 1189 subito
941 1146 1017 1189 cum
1035 1146 1207 1211 personam
1226 1145 1283 1189 ac·

236 1230 357 1319 cipitis,
371 1229 406 1295 in
424 1228 550 1316 judicio
565 1229 708 1297 seruatis.
751 1231 773 1295 J
775 1242 883 1297 ustum
898 1231 1060 1319 judicium
1078 1233 1162 1299 inter
1174 1245 1285 1320 partes

231 1340 382 1430 judicate
396 1339 574 1407 secundum
588 1339 778 1426 gravitatem
793 1354 929 1409 vestram
943 1353 980 1407 et
995 1341 1169 1429 justitiam.
1214 1342 1282 1413 Ce-

238 1461 311 1517 vete
329 1448 420 1514 vobis
442 1470 482 1513 ne
501 1447 668 1515 declinetis
689 1449 723 1513 in
745 1449 910 1521 dexteram
929 1472 1034 1538 neque
1054 1452 1089 1517 in
1106 1451 1284 1526 sinistram..

238 1558 305 1629 Dei
318 1579 369 1625 res
382 1557 502 1645 agitur,
516 1557 572 1644 qui
587 1569 748 1623 scrutatur
760 1559 976 1644 cogitationes
989 1560 1205 1647 singulorum.
1234 1564 1281 1627 E·

238 1669 384 1736 laborate
397 1689 495 1735 nemo
509 1667 673 1755 sciatque
687 1667 731 1737 sit
745 1667 928 1756 conjuratio
942 1668 1024 1735 haec.
1046 1669 1193 1738 uveam
1205 1682 1283 1741 sunt

235 1801 314 1866 quae
326 1777 439 1845 libello
452 1776 670 1845 continentur.
685 1801 750 1843 non
764 1791 815 1843 eat
829 1779 964 1847 bouum.
997 1778 1091 1849 Dicit
1102 1779 1190 1847 enim
1205 1780 1280 1849 Do·

240 1886 369 1952 miuus:
389 1883 463 1951 iux
476 1906 528 1949 ore
540 1895 594 1949 tao
607 1885 866 1966 condemnaberis,
881 1897 910 1953 et
926 1909 966 1957 ea
980 1908 1032 1955 ote
1052 1897 1103 1955 tao
1115 1888 1279 1974 jastffieu-

239 1995 353 2063 Μεθ’
375 1995 462 2061 Item
475 1993 538 2060 alia
550 1995 695 2062 recitata.
716 2002 738 2035 “
749 1996 877 2061 Silvano
891 1997 982 2063 fratri
994 1997 1161 2067 cmisdmo
1175 1998 1281 2069 Fortis

238 2106 274 2176 in
292 2103 438 2173 Domino
459 2114 611 2169 aeternam
630 2105 778 2171 salutern.
813 2104 914 2170 Venit
933 2105 974 2171 ed
995 2128 1049 2172 me
1069 2106 1280 2177 fidurnoater

239 2213 460 2282 Nundinarins
476 2213 643 2292 diaconus,
657 2223 690 2278 et
710 2212 820 2281 retulit
839 2234 878 2278 ea
897 2235 970 2299 quoe
989 2213 1073 2280 inter
1092 2227 1124 2278 te
1138 2229 1174 2285 et
1185 2214 1279 2306 illum

235 2327 447 2412 contigerunt
460 2347 520 2413 per
530 2325 672 2391 malivoli
685 2325 908 2403 intercessum,
922 2325 979 2412 qui
992 2325 1062 2392 vult
1074 2327 1200 2405 animas
1208 2325 1280 2413 jus·

237 2448 347 2505 torum
362 2459 381 2502 s
395 2437 445 2501 via
459 2436 599 2502 veritatis
612 2447 764 2501 avertere.
809 2434 896 2500 Cum
913 2435 984 2501 haec
998 2435 1155 2516 audirem,
1169 2446 1279 2504 menn

237 2547 385 2613 defectus
405 2568 490 2627 sum,
512 2545 601 2632 quod
622 2545 695 2610 talis
717 2545 872 2610 dissensio
892 2544 1051 2609 intervos
1072 2545 1170 2629 reoit.
1212 2542 1280 2623 Dei

236 2654 325 2723 enim
343 2652 492 2721 sacerdos
512 2665 550 2718 ut
567 2652 608 2717 ad
626 2651 691 2717 hoc
708 2651 813 2719 veniat
827 2651 916 2742 quod
931 2673 995 2716 non
1010 2651 1103 2717 nobis
1117 2651 1278 2738 expedint,

237 2763 331 2830 klint.
373 2765 473 2827 Nunc
492 2781 573 2845 ergo
590 2761 691 2844 petite
708 2781 784 2827 eum
802 2772 851 2838 ut,
866 2759 956 2846 quod
976 2771 1095 2845 potest,
1109 2781 1186 2831 cum
1205 2761 1278 2847 ipw

236 2893 301 2959 pax
318 2869 455 2936 Domini
472 2867 636 2933 salvatoris
654 2866 777 2931 Christi
795 2867 847 2931 sit.
890 2869 970 2931 Non
985 2867 1027 2933 sd
1041 2867 1212 2954 publicum
1224 2888 1279 2939 vo·

237 2980 364 3047 nisurus
388 2988 422 3042 et
443 2998 464 3042 a
483 2975 636 3063 gentibus
658 2975 859 3043 damnemur.
903 2976 1065 3061 Scriptum
1088 2990 1139 3042 est
1162 2975 1275 3051 euim:

238 3087 373 3157 ¹Vidcte
386 3109 425 3151 ne
439 3085 515 3148 dam
527 3083 684 3163 mordetis,
698 3095 729 3147 ct
748 3082 921 3148 causamini
937 3084 970 3148 ia
984 3084 1125 3163 invicem,
1140 3083 1179 3149 alr
1194 3082 1276 3155 invi-

236 3220 302 3267 cem
325 3193 557 3261 consumamini.
601 3195 689 3279 Ergo
712 3205 790 3278 peto
812 3192 992 3259 Dominum
1014 3205 1052 3259 ut
1075 3192 1210 3259 tollatur
1236 3191 1279 3270 de

237 3307 347 3377 medio
372 3317 520 3373 nostrum
543 3303 607 3369 hoc
632 3302 830 3381 scandalum,
853 3314 892 3367 ut
914 3302 1017 3388 possit
1040 3324 1090 3366 res
1110 3301 1179 3373 Dei
1200 3321 1276 3379 cupi

235 3416 413 3504 gratiarum
437 3413 563 3479 actione
588 3412 753 3491 celebrari,
778 3411 924 3484 Domino
951 3411 1100 3483 dicente:
1124 3413 1276 3491 ¹¹¹Pacata

235 3547 337 3592 meam
352 3524 390 3589 do
405 3521 500 3600 aclis,
513 3537 621 3605 pacem
635 3543 737 3589 measa
747 3519 887 3605 relinquo
901 3520 995 3585 valis.
1037 3522 1122 3608 Quae
1136 3539 1202 3605 pax
1214 3539 1276 3613 por

236 3635 313 3701 terit
331 3655 401 3698 esse
421 3631 480 3698 ubi
498 3630 654 3698 dissemio
670 3644 704 3695 et
721 3628 944 3697 aemulationes
962 3631 1058 3697 suut?
1087 3629 1177 3697 Nan
1198 3648 1276 3701 cum

235 3765 302 3831 ego
321 3765 342 3806 a
360 3741 464 3805 milite
480 3761 585 3809 essem
600 3762 651 3808 sss
665 3782 921 3804 ............
940 3746 1103 3821 separatus
1116 3748 1152 3805 et
1168 3734 1206 3809 in
1219 3735 1276 3809 illa

235 3855 402 3932 venissem,
417 3875 492 3917 cnm
507 3851 624 3938 injuria
637 3850 705 3930 tuli,
717 3851 792 3914 Deo
807 3846 1190 3930 commendavianimam
1204 3864 1275 3917 mo·

268 4031 283 4070 t
288 4028 340 4092 sor.
352 4025 421 4082 sileo,
433 4025 466 4071 ed.
480 4023 567 4086 Depin.
577 4039 634 4069 anne
644 4021 749 4068 scribend.
766 4022 817 4082 ligo
828 4021 879 4069 scio
887 4020 946 4080 quia
956 4031 1034 4065 verus.
1053 4016 1112 4064 Nun
1123 4025 1160 4064 est
1169 4015 1277 4066 boum

236 4107 344 4158 nutrite
364 4108 411 4154 dcc·
440 4103 523 4167 Confer
540 4102 612 4151 verba
630 4101 655 4147 in
672 4101 745 4151 media
757 4111 814 4163 pag.
834 4109 882 4162 rap.
899 4109 921 4145 σε
936 4113 987 4161 qne
998 4096 1069 4158 paula
1080 4105 1131 4158 post
1146 4104 1277 4158 aequm.

236 4188 248 4219 ¹²
259 4183 491 4251 fravaurhta„
592 4181 698 4229 *Manu
711 4181 752 4230 xii.
763 4189 804 4235 ar.
897 4177 911 4214 k
920 4177 972 4260 fir.
984 4177 1020 4249 ur.
1111 4172 1224 4224 leder.
1237 4185 1277 4225 rs.

234 4271 253 4300 ¹¹⁸
264 4266 446 4320 Joan.1ir.27.
