2684 4740
391 295 664 365 concrmun
687 296 945 363 nonnarum
1146 296 1188 383 ⁶5

141 475 167 513 ‘⁴
180 468 251 535 titis
264 489 285 533 a
298 490 353 534 me
367 469 401 534 in
414 469 535 534 saeulo
549 468 723 557 judicium,
738 490 815 533 cum
828 490 892 554 ego
907 468 975 554 ipse
991 464 1113 531 Christi
1127 465 1186 554 ju·

141 576 304 641 “dicium
318 579 519 665 expectem.”
556 581 599 643 Et
613 593 721 644 tamen
735 578 801 642 dati
815 589 890 643 sunt
904 575 1044 664 judices,
1059 575 1185 639 Mater·

142 708 206 751 uns
220 707 262 750 ex
277 686 459 774 Agrippina
472 687 611 768 civitate,
626 687 768 752 Reticins
788 687 830 751 ab
849 685 1093 772 Augustoduno
1107 684 1185 749 civi·

142 806 226 874 tate,
240 796 389 861 Marinus
404 797 611 862 Arelatensis.
646 795 701 861 Ad
715 797 827 861 urbem
843 798 979 861 Romam
993 807 1123 859 ventum
1138 807 1189 859 est

143 904 189 969 ab
203 904 256 969 his
270 907 374 971 tribus
388 906 504 986 Gallis,
518 919 553 970 ct
565 906 607 971 ab
622 905 693 970 aliis
709 905 892 992 quindecim
913 904 1015 969 ltalis.
1061 901 1188 967 Conve-

144 1026 265 1079 nerunt
284 1016 317 1080 in
337 1015 471 1080 domum
495 1017 624 1080 Fausta
638 1015 671 1079 in
685 1017 857 1093 Laterano,
874 1013 1090 1077 Constantino
1105 1033 1188 1099 qua-

143 1138 197 1190 ter
213 1138 250 1190 et
269 1125 395 1191 Licinio
412 1138 462 1190 ter
483 1125 682 1203 consulibus,
704 1139 796 1190 sexto
821 1145 921 1189 nonas
944 1123 1097 1189 Octobris
1123 1122 1189 1205 die,

144 1248 239 1299 sexta
251 1234 342 1299 feria.
385 1233 472 1300 Cum
490 1233 710 1300 consedissent
729 1232 896 1301 Miltiades
915 1231 1086 1318 episcopus
1102 1231 1191 1296 urbis

144 1342 276 1422 Roman
290 1356 324 1408 et
338 1342 481 1408 Reticius
495 1354 530 1406 et
542 1343 713 1410 Maternus
724 1354 758 1407 et
771 1341 920 1406 Marinus
931 1342 1073 1428 episcopi
1087 1341 1192 1408 Galli·

144 1448 221 1513 cani
231 1474 239 1513 ι
251 1463 287 1513 et
296 1449 459 1514 Merocles
469 1471 490 1513 a
500 1447 702 1528 Mediolano,
716 1449 881 1514 Florianus
896 1471 916 1513 a
931 1449 1042 1529 Sinna,
1054 1449 1190 1514 Zoticus

143 1557 369 1645 aQnintiano,
379 1558 532 1622 Stennius
543 1558 584 1622 ab
594 1557 755 1637 Arimino,
769 1556 858 1622 Felix
868 1582 888 1624 a
898 1558 1060 1625 Florentia
1067 1559 1192 1622 Tusco·

146 1690 236 1747 rum,
248 1667 452 1733 Gaudentius
465 1690 484 1732 a
501 1667 592 1747 Pisis,
604 1665 814 1732 Constantius
825 1691 845 1733 a
855 1669 1019 1747 Faventia,
1033 1669 1192 1734 Proterius

145 1795 168 1838 a
189 1773 319 1861 Capua,
335 1774 537 1862 Theophilus
561 1797 581 1840 a
602 1776 799 1855 Benevento,
816 1775 955 1840 Sabinus
974 1798 994 1838 a
1010 1776 1193 1856 Terracina,

148 1884 350 1950 Secundusa
365 1887 538 1965 Praeneste,
551 1884 642 1949 Felix
652 1906 672 1948 a
683 1884 785 1948 tribus
796 1883 964 1963 Tabernis,
975 1884 1142 1949 Maximus
1151 1886 1194 1949 ab

150 1994 256 2074 Ostia,
270 1995 437 2061 Evandrus
452 1996 494 2060 ab
509 1995 642 2075 Ursino,
658 1993 862 2059 Donatianus
876 2017 896 2058 a
911 1995 995 2059 Foro
1012 1994 1154 2060 Claudii.

156 2170 161 2177 ,
192 2103 259 2166 His
288 2102 402 2168 decem
427 2116 462 2170 et
486 2125 599 2168 novem
626 2101 876 2169 consedentibus
902 2101 1073 2189 episcopis,
1099 2123 1197 2171 causa

149 2209 278 2277 Donati
297 2225 331 2276 et
351 2211 517 2278 Caeciliani
535 2213 568 2277 in
589 2212 734 2278 medium
753 2213 852 2276 missa
866 2222 926 2276 est.
963 2212 997 2277 A
1011 2211 1145 2298 singulis
1161 2212 1197 2281 in

151 2320 324 2386 Donatum
345 2333 421 2388 sunt
438 2321 490 2387 hae
508 2321 675 2393 sententiae
691 2321 778 2387 latae.
814 2321 951 2392 “Quod
970 2322 1136 2388 confessus
1155 2324 1197 2391 sit

153 2437 179 2473 “
192 2431 425 2519 rebaptizasse,
449 2444 484 2498 et
508 2431 668 2518 episcopis
695 2431 792 2517 lapsis
819 2453 951 2498 manum
981 2432 1197 2518 imposuisse,

154 2545 178 2580 “
191 2539 283 2631 qnod
293 2540 336 2605 ab
346 2539 485 2606 ecclesia
495 2539 636 2605 alienum
653 2541 736 2605 est.''
757 2541 871 2604 Testes
883 2540 1007 2604 inducti
1019 2562 1038 2603 a
1051 2543 1197 2624 Donato,

156 2651 385 2716 confessisunt
399 2673 435 2716 se
448 2673 513 2716 non
528 2650 648 2716 habere
663 2649 752 2736 quod
767 2649 800 2714 in
816 2648 1027 2718 Caecilianum
1043 2650 1198 2722 dicerent.

160 2754 354 2825 Cecilianus
373 2759 522 2823 omnium
541 2781 639 2845 snpra
657 2770 910 2824 memoratorum
925 2759 1090 2824 sententiis
1104 2759 1198 2825 inno-

161 2885 232 2933 cens
244 2880 296 2933 est
309 2866 561 2955 pronunciatus:
582 2867 680 2935 etiam
699 2867 859 2932 Miltiadis
880 2869 1048 2948 sententia,
1063 2891 1128 2955 qua
1143 2868 1201 2957 ju.

166 2972 279 3040 dicium
300 2975 447 3045 ebusum
466 2989 516 3042 est
537 2974 588 3040 his
608 2976 732 3044 verbis:
755 2976 877 3043 “Cum
896 2977 1077 3045 constiterit
1093 2977 1200 3045 Caci*

168 3081 331 3165 f‘lianum,
345 3084 388 3149 ab
405 3084 444 3151 iis
463 3084 520 3172 qui
540 3105 617 3149 cum
636 3085 772 3149 Donato
786 3098 952 3165 venerunt,
968 3085 1064 3172 juxta
1077 3089 1201 3173 profes-

171 3193 191 3226 “
203 3189 321 3257 sionem
342 3215 435 3257 suam
457 3215 523 3259 non
543 3193 706 3257 accusari:
735 3214 837 3285 neca
859 3195 993 3259 Donato
1015 3196 1200 3269 convictum

103 3316 106 3325 ·
175 3300 193 3369 ‘f
203 3319 267 3365 sm
279 3299 316 3365 in
328 3300 439 3388 aliqua
450 3314 541 3388 parte
554 3300 734 3367 constiterit
747 3326 755 3365 ε
778 3324 846 3373 suae
860 3303 1083 3368 communioni
1097 3306 1201 3372 eecle-

176 3406 193 3441 “
202 3408 334 3481 sinticae
348 3410 476 3503 integro
490 3422 577 3483 statu
590 3409 794 3477 retinendum
809 3411 926 3476 merito
940 3431 1009 3477 esse
1022 3414 1174 3486 censeo.'’

208 3516 329 3589 Sufficit
342 3541 423 3606 ergo
438 3534 472 3585 et
485 3520 655 3587 Donatum
670 3532 721 3585 tot
735 3519 901 3591 sententiis
915 3541 985 3587 esse
998 3542 1200 3611 percussum,
1236 3557 1242 3566 ·

168 3632 196 3687 tt
214 3628 423 3700 cecilianum
445 3646 537 3698 tanto
555 3632 680 3719 judicio
701 3653 772 3697 csse
793 3643 983 3718 purgatum.
1026 3634 1071 3703 Et
1091 3645 1201 3705 tamen

162 3722 312 3806 Donatus
338 3741 566 3828 appellandum
596 3761 667 3809 esse
693 3741 735 3810 ab
762 3739 923 3827 episcopis
947 3738 1094 3807 credidit.
1143 3744 1202 3816 Ad

157 3852 259 3917 uuam
280 3849 528 3935 appellationem
550 3848 812 3919 Constantinus
803 3861 977 3972 amputator
997 3849 1044 3915 sic
1060 3872 1199 3938 respon

150 3935 234 4021 dit·
247 3962 276 3996 “
287 3957 310 4022 ὂ
323 3957 437 4026 rabida
449 3957 566 4027 luroris
580 3957 731 4029 audacia!
752 3957 838 4030 sicut
856 3957 890 4027 iu
906 3947 1012 4029 ansis
1025 3960 1199 4046 gentilium

143 4046 169 4114 ‘-‘
187 4057 269 4137 fieri
278 4065 373 4147 solet,
388 4066 660 4154 appellationem
650 4078 946 4153 interposuerunt²
946 4064 967 4096 '³

172 4215 198 4243 ·
224 4217 544 4287 &conmmanit
554 4223 1111 4295 1mp.poncsnen.a101nvrcratn,sdp.
1121 4235 1161 4292 ⁹7«

199 4310 283 4371 Vnt
312 4321 367 4373 tv.
693 4325 716 4377 Β
