2684 4740
252 314 526 383 CONCILIUM
548 312 913 382 ELIBERITANUM.
1061 321 1106 403 '49

51 485 125 551 cuit
139 507 215 551 eum
229 485 409 572 degradari,
425 501 458 551 et
472 486 636 550 abstineri.
681 488 716 550 Si
730 487 801 573 quis
817 487 914 550 etiarn
933 485 1031 552 laicus
1045 509 1100 552 ac-

53 596 179 682 cepisse
193 597 351 682 probatur
366 620 501 676 usuras3
522 611 555 663 et
573 597 767 682 promiserit,
784 611 947 661 correctus
965 597 1047 684 jam,
1065 620 1100 662 se

53 720 269 786 cessaturum,
280 730 339 772 nec
354 708 487 773 ulterius
502 705 689 772 exacturum
698 732 707 786 3
725 707 847 794 placuit
861 707 892 770 ei
906 706 1028 770 veniam
1044 707 1102 771 tri·

53 816 124 881 bui.
169 817 203 880 Si
221 839 297 882 vero
319 818 351 880 in
372 840 410 882 ea
431 816 600 903 iniquitate
614 816 785 896 duraverit,
802 817 843 880 ab
858 815 992 880 ecclesia
1005 815 1101 881 besse

51 896 303 1013 pffliendum.

535 1037 630 1100 XXI.

99 1144 160 1209 cSi
173 1145 245 1232 quis
261 1145 437 1212 incivitate
457 1147 582 1234 positus
598 1159 663 1210 tres
680 1147 858 1211 dominicas
873 1146 914 1212 ad
930 1145 1101 1211 ecclesiam
1123 1208 1125 1213 .

53 1277 122 1320 non
136 1257 317 1336 accesserit,
332 1278 438 1344 pauco
454 1268 600 1344 tempore
616 1256 785 1337 abstineat,
800 1270 839 1321 ut
852 1269 1018 1344 correptus
1032 1277 1102 1321 esse

52 1364 212 1430 videatur.

525 1477 640 1540 XXII.

99 1585 135 1649 Si
151 1585 222 1671 quis
239 1585 280 1649 de
295 1584 456 1650 catholica
470 1585 605 1649 ecclesia
618 1585 658 1649 ad
674 1585 821 1649 haeresim
834 1585 1004 1650 transitum
1016 1586 1102 1650 fece·

53 1694 109 1774 rit,
126 1708 304 1782 rursusque
325 1695 514 1774 recurrerit3
536 1696 669 1781 placuit,
694 1695 769 1759 huic
792 1683 1014 1780 poenitentiam
1037 1716 1103 1760 non

52 1785 126 1869 esse
150 1804 387 1890 denegandam,
414 1826 454 1870 eo
479 1805 568 1892 quod
594 1806 782 1892 cognoverit
804 1820 974 1890 peccatum
996 1826 1103 1870 suum.

55 1915 128 1980 Qui
142 1915 245 1979 etiam·
258 1915 371 1980 decem
387 1915 478 1979 annis
492 1928 570 2001 agat
584 1915 819 2001 poenitentiam.
866 1915 930 1979 Cui
950 1926 1025 2001 post
1045 1915 1102 1978 de·

53 2044 128 2088 cem
153 2046 256 2088 annos
280 2027 425 2111 praestari
450 2025 639 2089 communio
661 2023 768 2088 debet.
814 2025 848 2088 Si
870 2047 943 2090 vero
965 2024 1103 2090 infantes

55 2134 176 2199 fuerint
189 2135 378 2216 transducti,
391 2138 479 2224 quod
495 2161 560 2202 non
575 2161 635 2204 suo
651 2139 728 2204 vitio
742 2139 953 2224 peccaverint,
968 2139 1102 2204 incunc-

57 2256 162 2310 tanter
176 2245 277 2332 recipi
292 2246 421 2313 debent.

514 2358 647 2422 XXIII.

10 2522 12 2527 .
98 2464 329 2552 dJejuuiomm
353 2468 626 2554 superpositiones
647 2491 704 2555 per
724 2467 870 2555 singulos
888 2489 1012 2532 menses
1033 2467 1104 2554 pla·

65 2573 127 2638 cuit
140 2576 308 2656 celebrari,
324 2578 465 2663 exceptis
484 2579 599 2644 diebus
617 2579 757 2643 duorum
779 2579 952 2657 mensium,
965 2579 986 2642 J
989 2577 1057 2657 ulii,
1071 2589 1105 2642 et

71 2681 218 2770 Augusti,
231 2686 276 2751 ob
292 2681 507 2773 quorumdam
523 2688 753 2753 infirmitatem.

105 2903 251 2969 eOmnes
270 2905 326 2992 qui
340 2905 353 2950 f
361 2928 495 2993 peregre
514 2807 644 2972 liidiidi·
653 2908 818 2994 baptizati,
834 2928 875 2972 eo
889 2907 977 2994 quod
990 2928 1104 2971 eorum

77 3011 192 3079 minime
207 3014 249 3080 sit
265 3015 397 3102 cognita
418 3017 492 3095 vita,
509 3016 641 3102 placuit,
657 3017 698 3080 ad
712 3017 835 3080 clerum
855 3039 920 3080 non
941 3037 1011 3080 esse
1027 3038 1103 3102 pro-

78 3123 237 3188 movendos
252 3124 285 3189 in
299 3125 412 3190 alicnis
428 3124 608 3212 provinciis.

528 3244 637 3309 XXV·
692 3277 693 3280 ¹
764 3238 767 3245 ¹

106 3342 245 3409 somnis
264 3344 321 3430 qui
343 3345 487 3410 attulerit
507 3345 630 3411 litteras
651 3345 871 3423 confessionis,
894 3345 1021 3410 sublato
1043 3340 1103 3408 no-

68 3447 149 3516 mine
162 3454 378 3534 confessoris3
400 3476 441 3518 eo
457 3454 545 3541 quod
559 3477 671 3519 omnes
686 3456 746 3519 sub
761 3455 822 3518 hac
840 3454 978 3518 nominis
999 3452 1105 3540 gloria

63 3561 179 3630 Passim
201 3563 391 3629 concutiant
416 3563 587 3649 simplices,
609 3562 907 3629 communicatoriae
931 3563 962 3626 ei
988 3561 1102 3626 dandae

63 3672 138 3732 ⁸unt
151 3669 279 3735 litterae.

96 3827 226 3911 ‘'Agairrf,
237 3839 299 3888 sciat
313 3855 340 3888 sc
356 3855 416 3889 esse.
502 3845 514 3872 θ
529 3841 594 3890 Cirar
604 3842 661 3889 burc
674 3840 783 3890 Cononem
794 3840 818 3887 in
828 3841 916 3888 Sardio.
932 3840 1104 3900 (lentiliacus.

66 3911 108 3958 ¹4·
125 3917 187 3966 osius
206 3920 303 3970 cordat.
315 3922 374 3986 quod
384 3933 407 3970 rt
421 3921 556 3969 Hincmrus
570 3923 683 3982 observat,
701 3923 725 3970 in
739 3931 810 3985 opusc.
821 3924 907 3973 xxxiii.
919 3937 971 3984 cap.
982 3935 1021 3972 20.
1047 3925 1104 3971 Iram

67 3980 158 4060 λείη,
167 4002 211 4051 l'tb.
219 4005 237 4051 i.
248 4018 303 4067 etp.
315 3994 370 4054 182.
382 4021 410 4051 err
423 4004 489 4052 conc.
501 4003 623 4053 Eliberino.
686 4003 700 4044 fl
713 4007 765 4064 lvo,
776 4014 835 4067 part.
846 4006 878 4053 iv.
890 4018 944 4067 cap.
954 4014 993 4052 31.
1005 4004 1104 4066 Agairre

10 4106 14 4131 t
71 4069 472 4144 ijuniasenabuiuentias
483 4099 534 4148 per.
598 4090 646 4134 ο4.
657 4085 719 4134 Dira
728 4096 767 4139 ss.
779 4088 924 4148 omnesqui
933 4099 1037 4148 peregre.
1052 4079 1102 4142 lvo,

10 4177 21 4215 ι
73 4156 294 4280 {prienam
384 4163 466 4215 rats.
476 4165 576 4230 quiam,
588 4167 614 4215 tn
625 4181 730 4230 peregre.
821 4167 974 4216 taeniense
987 4164 1070 4217 conca
1083 4180 1105 4217 1.

122 4250 156 4288 ,9.

120 4332 191 4386 VOL.
210 4345 263 4390 lv.
570 4342 592 4388 Ε
