2684 4740
132 116 193 167 120
483 99 816 167 ARCHELAUS.

129 271 244 347 quidem
266 272 437 349 sententiam
460 274 628 329 confirmare
642 276 775 330 videntur
794 282 859 329 acta
878 273 940 349 ipsa
954 269 1174 347 disputationis,

129 352 160 408 in
175 351 278 427 quibus
293 372 354 429 cap.
366 354 464 411 xxxix.
487 355 548 410 haec
570 355 699 429 legimus.
744 357 879 418 Quoniam
894 372 956 409 nero
968 354 1077 426 placuit
1091 352 1174 409 Mur·

130 434 200 489 cello
213 434 424 507 disputationem
437 435 506 490 lianc
519 439 615 509 eccipi,
630 444 710 509 etque
722 436 843 501 describi,
858 436 1042 491 contradicere
1055 450 1111 489 non
1121 452 1170 509 po·

131 516 183 579 tui,
198 515 310 590 confisus
328 516 362 569 de
378 516 543 587 benignitate
562 518 717 589 legentium,
733 518 805 591 qnod
820 519 927 571 versiam
941 514 1055 579 dobunt,
1068 516 1095 569 si
1107 514 1171 587 qnid

131 596 296 667 imperitum,
312 602 361 650 aut
375 600 505 652 rusticum
522 598 628 652 satiabit
646 601 749 663 oratio,-
769 598 817 653 hoe
831 600 899 652 enine
917 602 1020 651 tanturn
1036 601 1086 661 est,
1102 596 1170 669 quod

130 677 276 740 studemus,
291 683 323 731 ut
335 678 376 731 rei
386 684 469 749 geste
482 680 599 749 cognitio
612 680 758 734 studiosum
773 696 902 751 quemque
920 694 973 731 non
994 677 1092 731 intent.
1133 674 1169 731 Et

132 752 234 811 clarius
258 757 286 811 in
308 757 471 812 eorumdem
493 778 554 834 cap.
572 758 694 827 nltimo;
721 760 821 822 Quibus
838 764 932 832 postca
953 758 1054 829 agnitis
1066 756 1169 813 Arabe·

132 837 193 892 iaus
212 835 312 907 adjecit
332 857 365 892 eo
386 840 473 911 priori
495 842 683 913 disputationi,
706 848 737 895 ut
758 840 878 896 crinibus
898 840 1084 902 innotesceret,
1105 838 1171 893 neat

130 935 190 989 ego,
205 920 252 991 qni
274 919 406 991 inscripsi,
423 921 449 973 in
468 921 604 991 prioribus
619 923 736 993 exposui.
772 916 934 975 Verisimile
952 918 1030 973 enim
1049 934 1110 971 non
1130 926 1171 971 est

129 997 304 1053 Archelaum
326 999 366 1053 ita
387 998 514 1053 locutum
534 998 633 1064 fuisse,
648 1001 671 1054 si
691 1001 821 1076 ipsemet,
842 1019 905 1074 qrrae
924 1016 1001 1053 nunc
1019 996 1171 1063 habemus,

131 1078 332 1155 disputationis
348 1076 433 1154 hujus
449 1089 513 1134 acta
526 1081 639 1156 scriptis
655 1080 816 1135 mandasset
829 1105 837 1150 i
862 1098 897 1135 eo
911 1078 1082 1155 presertim,
1096 1076 1171 1151 quod

127 1160 183 1235 pro'
196 1160 329 1233 inscripsi,
344 1157 496 1234 legendum
511 1162 607 1237 potius
622 1180 683 1217 esse
698 1160 828 1217 videatur
842 1161 978 1233 exscripsi.
1007 1156 1064 1213 Sed
1079 1154 1171 1213 nihilo

130 1240 222 1295 secius
239 1258 304 1295 enm
323 1240 353 1294 in
374 1250 520 1316 postremo
534 1242 689 1296 eorundem
705 1252 834 1297 actorum
847 1240 913 1296 loco
928 1258 996 1294 mox
1011 1246 1172 1293 memorato

128 1319 235 1377 diserte
255 1320 377 1387 dicatur,
399 1321 572 1377 Archelaum
594 1323 687 1398 ipsum
709 1320 849 1377 nonnulla
870 1320 958 1397 priori
980 1318 1171 1395 disputationi

127 1418 188 1473 sure
208 1400 392 1479 postmodum
412 1401 563 1468 addidisse,
583 1402 613 1457 in
632 1422 695 1459 eam
714 1402 887 1458 senteutiam
905 1398 1007 1455 lubens
1026 1398 1127 1463 tenio,
1139 1406 1173 1455 ut

127 1480 336 1560 Epiphaniam,
367 1494 452 1559 atque
482 1482 692 1559 Hieronymum
719 1502 784 1539 crim
817 1480 994 1539 Heracliano
1020 1476 1172 1563 conciliari

127 1580 214 1640 posse
234 1562 359 1630 credam,
381 1564 405 1619 si
426 1564 564 1630 dicamus,
586 1562 759 1621 Archelaum
784 1562 901 1639 Syriaca
924 1562 1046 1637 primunr
1071 1558 1173 1635 lingna

129 1652 245 1711 cuncta,
260 1664 323 1718 quae
337 1663 434 1699 coram
449 1643 565 1700 delectis
581 1644 731 1701 Judicibus
746 1644 880 1700 atlversus
898 1641 1048 1699 Matietem
1070 1650 1171 1717 protu-

128 1721 214 1790 lerat,
238 1722 418 1798 divulgasse,
450 1722 663 1798 Hegemonium
691 1744 770 1789 vero,
794 1744 857 1798 quae
882 1722 918 1780 ab
941 1720 1089 1777 Archelao
1106 1718 1171 1799 jam

129 1804 207 1859 edita
219 1801 344 1867 fuerant,
359 1804 469 1859 meliori
491 1825 549 1860 non
569 1806 660 1861 solum
679 1806 778 1861 ordine
793 1805 954 1877 digessisse,
969 1804 1170 1858 verumetiam

130 1883 261 1951 exordio,
287 1883 414 1960 epilogo,
440 1884 559 1959 aliisque
583 1885 729 1941 nonnullis
754 1885 955 1960 locupletasse,
978 1892 1012 1937 ut
1034 1880 1170 1939 omnibus

129 1965 256 2019 numeris
271 1963 415 2029 absoluta,
431 1965 622 2021 celeberrimae
637 1966 712 2021 illius
727 1966 928 2041 disputationis
943 1972 1008 2019 acta
1021 1960 1059 2017 ad
1072 1972 1171 2039 poste·

129 2062 177 2101 ros
192 2045 465 2102 transmitterentur.
507 2046 598 2101 Porro
614 2047 731 2121 Syriaca
750 2048 872 2122 primum
891 2045 990 2118 lingua
1004 2042 1114 2119 scripta
1124 2042 1171 2099 t'u·

128 2125 185 2181 isse
206 2135 270 2181 acta
292 2127 358 2193 ista,
373 2138 476 2203 prater
495 2126 705 2201 Hieronymum
728 2128 756 2181 id
776 2128 868 2203 ipsum
888 2125 954 2181 loco
969 2142 1037 2179 mox
1052 2122 1170 2181 laudato

128 2204 205 2263 clare
224 2198 389 2273 testantem,
409 2206 480 2262 illud
499 2208 586 2262 ctiam
605 2218 776 2281 argumento
796 2216 850 2274 est,
866 2206 942 2279 quod
957 2202 1118 2259 Archelaus
1136 2204 1171 2261 de

127 2286 228 2343 solatis
249 2305 346 2342 cursus
365 2289 459 2363 spatio
474 2306 573 2362 agens,
589 2288 730 2363 spheram
752 2287 822 2342 illud
843 2306 860 2341 a
880 2286 988 2341 Grecis
1011 2284 1110 2339 vocari
1129 2284 1170 2341 ait

128 2386 192 2444 cap.
204 2369 293 2424 xxxii.
326 2369 453 2428 Quinam
468 2388 500 2424 ca
516 2369 545 2423 in
561 2369 694 2425 Graecum
709 2386 869 2423 sermonem
884 2364 1076 2431 transtulerit,
1090 2374 1170 2421 certo

128 2448 261 2506 affirmari
276 2467 335 2504 noir
350 2458 457 2525 potest,
469 2451 598 2525 quamvis
611 2468 716 2524 magna
727 2448 802 2526 apud
814 2467 859 2503 me
872 2446 998 2522 suspicio
1009 2446 1059 2511 sit,
1071 2444 1170 2521 Hege-

126 2530 267 2595 moninm,
282 2531 332 2604 qni
353 2529 471 2586 alteram
493 2530 629 2585 Archelai
651 2529 855 2606 disputationis
875 2528 1031 2584 editionem
1052 2526 1170 2583 concin-

125 2610 216 2676 navit,
230 2610 325 2686 ipsum
340 2629 454 2684 quoqne
472 2611 627 2666 eorundem
643 2612 803 2666 versionem
818 2628 833 2664 e
848 2609 966 2684 Syriaco
986 2608 1016 2662 in
1035 2604 1169 2663 Graeeum

127 2688 274 2764 eloquium
289 2688 481 2755 elucubrasse,
497 2701 529 2744 nt
548 2691 578 2744 in
597 2692 740 2745 notiorem
760 2690 886 2765 linguam
902 2687 1058 2753 transfusa,
1073 2688 1169 2745 cuncti

128 2788 180 2847 per
198 2768 297 2825 orbem
314 2768 410 2825 fideles
431 2769 625 2845 plenissimam
645 2770 798 2827 eorundem
819 2771 952 2826 notitiam
973 2766 1082 2824 habere
1103 2786 1169 2845 pos-

128 2857 204 2907 sent.
246 2848 366 2905 Factum
382 2850 410 2904 id
425 2850 631 2923 aritiepnissimis
645 2850 823 2927 temporibus
837 2850 936 2917 fuisse,
950 2869 986 2906 ex
1002 2848 1170 2927 Epiphanio
1223 2866 1228 2875 ·

128 2938 254 2995 constat,
270 2931 318 3004 qui
337 2930 463 3003 insignia
481 2930 636 2987 eorundem
656 2942 791 3008 excerpta
805 2950 897 3005 graece
915 2930 1004 2987 refert
1021 2932 1054 2987 iu
1071 2928 1168 2987 Mani·

126 3011 272 3067 chaeorum
285 3010 404 3080 heresi,
429 3028 482 3065 nec
496 3010 552 3065 dici
567 3020 674 3087 potest,
689 3032 723 3068 ea
735 3032 771 3067 ex
786 3012 903 3087 Syriaco
921 3010 1078 3088 exemplari
1096 3012 1168 3089 Epi-

1296 270 1300 278 ,
1318 243 1342 268 θ

1299 310 1337 369 ,ez

124 3091 264 3169 phaninm
285 3092 378 3167 ipsum
400 3091 500 3146 Graeca
522 3090 634 3158 fecisse,
657 3112 721 3149 cum
741 3094 851 3159 omnia,
866 3112 929 3166 quas
951 3091 988 3147 ab
1010 3092 1112 3149 eodem
1132 3110 1166 3149 ex
1255 3094 1319 3171 J..

127 3172 200 3229 actis
221 3172 422 3246 disputationis
442 3171 577 3227 Archelai
598 3192 663 3227 eum
684 3173 804 3228 Manete
826 3173 993 3239 afferuntur,
1014 3174 1046 3229 in
1066 3172 1163 3241 latina,
1250 3206 1286 3254 ‚·
1325 3226 1334 3235 .

126 3270 212 3327 quam
231 3252 350 3315 edinms,
365 3252 496 3307 versione
513 3253 635 3308 totidem
654 3253 747 3309 verbis
768 3254 957 3328 reperiantur.
998 3252 1047 3311 De
1061 3252 1163 3311 Latino

125 3332 282 3410 interprete
302 3332 387 3389 nobis
409 3342 520 3389 tantum
542 3332 643 3408 liquet,
665 3334 745 3389 illum
769 3332 952 3408 Hieronymo
977 3335 1161 3409 posteriorem

125 3413 224 3479 fuisse,
240 3432 324 3487 quem
345 3413 380 3468 de
401 3412 491 3468 latina
511 3415 642 3469 versione
664 3414 841 3469 mentionem
861 3413 963 3469 fecisse
982 3433 1036 3490 par
1056 3416 1161 3483 erat,si

128 3494 187 3551 suis
202 3492 378 3568 temporibus
392 3493 555 3562 extitissct3
578 3494 683 3549 vixisse
698 3506 793 3549 tamen
812 3504 879 3550 ante
899 3496 1053 3569 septimum
1068 3496 1161 3553 Chris·

126 3576 214 3633 tianae
236 3592 299 3629 aerae
321 3571 466 3639 saeculum,
489 3573 533 3629 vel
554 3574 620 3629 inde
641 3573 796 3650 colligitur,
817 3575 894 3650 quod
915 3577 945 3630 in
967 3574 1120 3645 laudandis
1138 3576 1161 3635 S.

1249 3478 1329 3543 'ssznr

80 3652 85 3659 '
129 3654 283 3731 Scripturas
298 3652 368 3709 locis
383 3653 529 3727 vulgatam
544 3655 709 3721 editionem,
722 3675 784 3730 quae
800 3674 834 3710 eo
849 3654 953 3711 saecnlo
967 3673 1020 3732 per
1034 3658 1162 3717 occideti-
1238 3710 1249 3733 ,

129 3746 188 3791 tem
202 3735 308 3811 passim
321 3745 438 3811 recepta
449 3733 515 3799 fuit,
530 3753 589 3790 non
605 3746 760 3809 sequatur..

169 3814 262 3874 Porro
287 3814 417 3871 Graecam
443 3816 612 3881 versionem,
636 3834 696 3871 non
719 3835 785 3871 vero
807 3817 953 3892 Syriacum
975 3826 1092 3875 textum
1112 3836 1164 3895 prs
1241 3852 1304 3911 m

129 3896 261 3953 manibus
282 3894 420 3951 latinum
438 3895 624 3971 interpretem
642 3895 787 3963 habuisse,
801 3916 860 3951 non
874 3898 962 3953 modo
980 3916 1018 3954 ex
1036 3899 1166 3957 universa

130 3974 191 4052 ejus
211 3976 369 4045 locutione,
384 3994 446 4051 qnae
464 3994 574 4050 graecae,
588 3995 649 4032 non
667 3995 735 4033 sero
757 3977 880 4052 Syriacae
901 3978 1008 4053 lingua
1029 3978 1166 4049 indolem,

1244 3952 1299 3991 Η

1247 4032 1294 4075 Ε
