2684 4740
234 317 475 389 ascusam
494 322 552 387 m
569 320 778 389 staurus
799 311 1089 386 ursnurnmo.
1126 331 1189 403 275

146 491 307 569 cementis
327 492 494 572 inlectam,
517 492 639 572 inflari3
663 513 774 573 carnes
799 513 874 555 vero
897 489 1099 554 fvolucribus
1122 487 1191 553 dari

139 599 255 689 jussit.
288 602 419 690 Quibus
437 616 550 689 postea
565 603 695 690 agnitis,
711 601 892 667 Archelaus
906 600 1027 689 adjecit
1038 621 1077 664 ea
1091 597 1191 684 priori

144 709 383 797 disceptationi,
397 727 435 778 ut
450 713 602 778 omnibus
617 714 841 790 innotesceret,
865 712 949 787 sicut
969 705 1045 797 ego,
1064 711 1119 796 qui
1139 709 1188 773 in·

144 821 261 908 scripsi
276 823 307 898 in
325 822 485 908 prioribus
495 825 641 910 exposui.
688 822 908 910 congregatis
924 821 1024 906 igitur
1039 818 1191 884 omnibus

146 928 354 1013 Christianis,
371 933 445 999 ferri
461 935 611 1009 adversus
631 957 706 999 eum
726 933 916 998 sententiam
938 930 1072 1016 placuit,
1092 928 1192 994 veluti

143 1038 316 1129 epilogum
343 1043 506 1130 quendam
528 1045 651 1110 amoni
680 1044 751 1132 ejus
779 1041 1043 1120 transmittentes,
1072 1060 1190 1104 conso·

144 1148 277 1218 nantem
293 1148 425 1241 reliquis
438 1153 510 1218 vitae
523 1154 594 1242 ejus
607 1153 758 1240 negotiis.
791 1150 929 1218 Addidit
939 1150 1036 1215 etiam
1050 1149 1113 1214 hoc
1124 1152 1189 1213 Ar-

143 1254 279 1352 chelaus
292 1263 414 1342 dicens,
426 1264 498 1329 Viri
513 1250 638 1344 iratres,
653 1262 777 1350 nequis
792 1275 932 1327 vestrum
949 1259 1135 1325 incredulus
1149 1259 1192 1323 sit

143 1371 209 1453 his,
230 1394 304 1459 quae
326 1396 346 1437 a
368 1395 421 1437 me
447 1373 532 1439 dieta
556 1387 642 1452 sunt,
667 1373 763 1452 idest,
787 1371 876 1460 quod
897 1392 961 1434 non
982 1370 1050 1456 ipse
1067 1369 1190 1456 primus

144 1497 262 1548 auctor
275 1484 420 1557 scelerati
435 1483 533 1570 hujus
548 1483 712 1570 dogmatis
726 1481 868 1547 extiterit
885 1483 1021 1559 Manes3
1044 1479 1101 1544 sed
1119 1493 1191 1544 tan-

144 1602 230 1670 tum,
246 1591 335 1679 quod
350 1613 406 1678 per
421 1593 526 1677 ipsum
542 1592 703 1679 aliquibus
719 1605 811 1657 terrae
834 1591 980 1677 partibus
1001 1590 1191 1664 manifesta-

143 1715 217 1767 tum
239 1702 292 1767 sit.
338 1703 403 1768 Sed
424 1724 490 1767 non
512 1704 621 1768 statim
639 1705 677 1782 is,
692 1703 749 1791 qui
764 1702 886 1789 aliquid
902 1722 1096 1788 quocunque
1111 1720 1189 1787 por-

144 1813 271 1893 taverit,
287 1811 402 1878 arretor
416 1814 487 1902 ejus
502 1814 664 1900 putandus
678 1827 740 1892 est,
755 1812 812 1877 sed
827 1801 884 1899 qui
898 1811 1062 1884 invenerit.
1099 1809 1193 1876 Sicut

144 1921 233 1988 enim
255 1925 457 2010 gubernator
477 1936 643 2010 acceptam
666 1915 792 2001 navem,
816 1942 913 2007 quam
936 1920 1018 1984 alius
1039 1920 1127 1999 fecit,
1149 1919 1192 1986 ad

142 2055 352 2122 quacunque
379 2034 453 2099 loca
479 2035 617 2100 voluerit
646 2034 831 2141 perducere,
856 2033 978 2098 alienus
1006 2045 1191 2100 esttamen

144 2166 244 2217 omns
251 2164 371 2232 genere
387 2133 661 2251 aconstructioue
676 2145 760 2252 ejus,
777 2146 825 2210 ita
843 2143 1072 2230 intelligendus
1093 2155 1142 2209 est
1159 2155 1193 2207 et

143 2246 227 2336 iste,
251 2245 424 2322 nonenim
449 2279 489 2322 ex
511 2257 604 2322 initio
628 2258 704 2322 huic
731 2258 777 2323 rei
801 2258 870 2344 ipse
896 2255 1056 2342 originem
1079 2255 1191 2337 dedit;

144 2365 234 2431 ¹¹sed
247 2387 287 2431 ea
301 2347 443 2468 tanturn,
459 2391 531 2455 quae
543 2368 585 2433 ab
596 2368 661 2433 alio
674 2367 822 2433 fuerant
813 2379 952 2444 inventa,
961 2387 1019 2452 per
1033 2387 1067 2430 se
1077 2364 1195 2447 detulit

144 2473 345 2575 bominibus,
359 2476 443 2542 sicut
457 2479 553 2542 certis
568 2464 761 2543 testimoniis
777 2490 892 2545 notum
906 2488 967 2553 est,
982 2473 1099 2561 quibus
1112 2495 1191 2561 pro-

144 2587 289 2672 positum
304 2601 355 2651 est
369 2586 459 2651 vobis
474 2586 676 2665 ostendere,
669 2599 677 2634 ¹
688 2609 754 2651 non
767 2608 808 2650 ex
823 2588 925 2651 Ma'ne
941 2583 1101 2689 originem
1114 2582 1193 2654 mali

142 2693 245 2782 hujus
255 2716 425 2776 manasse3
448 2696 504 2761 sed
523 2697 566 2763 ab
587 2697 677 2777 alio,
674 2709 721 2762 et
742 2707 817 2761 ante
838 2681 981 2760 multum
1002 2693 1193 2781 temporisa

141 2793 284 2871 barbaro
306 2805 449 2893 quodam
465 2793 591 2888 'exorta
614 2808 648 2873 in
663 2807 798 2873 silentio
820 2792 941 2886 habita,
968 2805 1010 2870 ab
1034 2804 1099 2871 isto
1119 2827 1194 2871 vero
1267 2794 1270 2795 ⁷

144 2913 259 3005 ignote
283 2915 426 2995 latentia,
448 2916 547 2983 veluti
572 2917 704 3004 propria
729 2917 801 3006 ejus
827 2939 898 2982 esse
924 2915 1061 3003 prolata,
1084 2905 1194 2982 deleto

144 3024 375 3114 conscriptoris
396 3015 506 3105 titulo,
531 3027 615 3094 sicut
629 3017 776 3114 superius
790 3026 938 3114 exposui.
962 3084 964 3090 .
985 3026 1062 3090 Fuit
1075 3026 1195 3112 praedi·

144 3148 239 3211 cator
252 3136 339 3222 apud
355 3138 466 3212 Persas
481 3137 579 3203 etiam
596 3136 777 3202 l‘Basilides
787 3136 924 3224 quidam
938 3136 1113 3225 antiquior,
1126 3158 1192 3203 non

178 3295 189 3330 f
205 3301 236 3348 ln
248 3299 288 3348 his
298 3300 388 3358 verbis,
406 3299 534 3348 volucribus
549 3298 601 3345 dari
610 3297 691 3362 jussit,
708 3300 798 3347 desinit
813 3297 984 3360 apographum
1000 3296 1198 3359 RegioAlexan·

143 3379 246 3428 driuum
255 3380 414 3430 Vaticanum.
433 3382 503 3445 (Vide
513 3395 586 3442 supra
596 3393 650 3442 pag.
664 3376 729 3439 1³8.)

176 3466 187 3497 ¹
201 3461 281 3518 Forte,
293 3455 433 3524 moreis'ejas.
448 3460 629 3524 (Firmanthaec
640 3459 774 3508 concilium
786 3457 1011 3520 Mesopotamicum
1024 3458 1192 3520 excogitatum

142 3539 176 3588 ab
187 3543 295 3592 Auctore
307 3541 391 3589 Libellr'
400 3541 513 3608 Synoda',
531 3544 573 3605 qui
589 3554 663 3605 supra
678 3542 798 3590 adductus
813 3549 849 3590 est
859 3556 884 3603 p.
893 3550 948 3590 141.
970 3541 1018 3589 Sed
1029 3542 1055 3590 iu
1065 3542 1143 3592 verbis
1153 3536 1193 3594 sd·

140 3620 272 3672 loecismus
283 3621 339 3684 est.)

178 3701 192 3740 ¹¹
207 3703 275 3753 Male
287 3705 364 3754 codex
375 3703 525 3766 casinensis,
538 3704 576 3751 sed
585 3702 662 3751 etiam.

179 3784 187 3818 ¹
200 3786 252 3834 Aut
262 3787 325 3834 nihil
336 3787 417 3845 video,
429 3796 472 3835 aut
482 3787 516 3833 ita
527 3785 668 3848 corrigenda
678 3793 715 3833 est
731 3785 821 3833 codicis
834 3783 973 3833 casinensis
989 3783 1072 3844 lectio,
1086 3799 1142 3848 quae
1158 3787 1194 3873 sic

141 3882 170 3916 se
180 3867 264 3931 habet,
275 3885 317 3915 nan
328 3885 357 3916 ex
368 3869 455 3915 Manen
466 3867 573 3930 originem
584 3864 639 3913 mali
650 3867 713 3929 brajao
723 3867 804 3914 Manes
815 3882 868 3913 este·

109 3956 114 3963 '
176 3947 259 3998 &Etsi
276 3948 417 4008 Basilidem,
430 3951 473 4013 qui
490 3948 565 4011 paulo
581 3958 636 4012 post
653 3947 826 4010 Apostolorum
846 3958 956 4009 tempora
970 3947 1085 3996 haeresim
1101 3948 1194 4009 docuit,

143 4029 341 4080 Alexandrinum
352 4031 436 4090 luisse,
448 4041 472 4078 et
483 4032 509 4078 in
518 4031 626 4093 AEgypto
636 4030 733 4079 scholas
744 4030 829 4080 erroris
839 4032 961 4093 aperuisse
968 4040 1068 4080 testetur
1076 4031 1195 4083 Eusebius

143 4110 189 4162 lib.
199 4122 224 4161 4.
239 4113 304 4161 Hist.
319 4112 458 4161 Ecclesiast.
475 4126 529 4174 cap.
547 4120 570 4167 7.
587 4111 760 4172 nihilominus,
779 4114 823 4175 qui
844 4112 875 4160 ab
896 4113 1017 4161 Archelao
1035 4116 1195 4174 memoratur,

144 4195 213 4243 idem
223 4209 254 4244 ae
262 4194 381 4244 Basilides
392 4193 573 4243 Alexandrinus
584 4208 637 4241 esse
646 4193 821 4252 viderentur
833 4195 899 4258 apud
914 4194 997 4243 Persas
1009 4193 1122 4244 baeresim
1135 4210 1196 4275 prae-

144 4276 324 4326 dicassedicat.
357 4276 419 4326 Fieri
437 4276 505 4325 euim
523 4285 611 4339 potest,
630 4284 659 4323 ut
675 4275 789 4328 Basilldes
804 4275 955 4326 Alexandria
970 4276 1098 4382 digressus,
1116 4262 1197 4327 Persas

643 4369 702 4419 Η
