2684 4740
219 336 284 399 ψ,
311 315 553 393 ,Ancaeum
575 316 632 381 m
652 315 861 382 usuums
880 276 1172 422 menumrro.

220 486 376 570 Moysen,
393 498 429 550 et
450 506 515 551 non
531 484 762 572 intelligentes,
785 504 893 573 neque
916 496 1137 551 convertentes
1160 503 1197 548 se
1217 482 1263 547 ml

220 595 414 674 Dominum,
424 596 578 682 quoniam
591 597 661 681 ipse
676 608 737 675 est,
748 596 804 682 qui
815 618 836 661 a
849 598 969 683 Moyse
983 594 1197 681 prophetetur
1211 603 1265 656 eet

220 702 337 766 venire.
380 704 456 768 Hoc
470 715 521 768 est
534 704 690 783 velamen,
701 703 791 790 quod
801 718 871 769 erat
881 705 1023 791 positum
1037 701 1261 789 superficiem

222 811 346 899 Moysi,
371 811 459 899 quod
481 825 533 875 est
556 824 784 876 testamentum
804 813 897 900 ejus3
916 812 988 878 ⁰ait
1008 812 1096 877 enim
1117 811 1153 879 iu
1173 810 1265 896 lege,

223 919 316 984 ’Νοπ
329 920 446 1007 deficiet
463 921 610 1005 Princeps
628 944 668 985 ex
684 902 782 1000 Juin,
796 940 895 1007 neque
910 922 990 987 Due
1009 921 1074 985 nde
1082 916 1266 1005 femorilms

219 1030 301 1112 eius,
319 1051 475 1118 usquequo
496 1029 612 1110 veniat,
636 1029 747 1116 >nujus
773 1041 831 1110 est,
856 1041 887 1095 et
912 1030 978 1114 ipse
1004 1029 1065 1095 erit
1088 1027 1265 1121 mpeetutio

219 1139 375 1225 gentium.
420 1139 512 1226 sQni
527 1138 674 1226 alligabit
689 1140 732 1204 nd
745 1139 839 1205 uitem
851 1137 977 1224 pullum
991 1136 1195 1217 suumetud
1204 1150 1267 1220 np-

221 1242 341 1307 timom'
356 1243 450 1308 viteru
468 1244 595 1328 pullum
615 1245 717 1309 usinoe
736 1267 814 1310 sum.
858 1243 995 1310 Lounbt't
1013 1243 1048 1307 in
1061 1241 1133 1307 uino
1147 1240 1266 1315 stolum

221 1376 323 1434 suum,
344 1367 376 1420 et
400 1356 434 1419 in
459 1355 611 1444 sanguine
633 1378 705 1421 uuae
730 1356 945 1421 indumentum
970 1376 1071 1418 mum.
1116 1348 1272 1437 ‘Suffnsi

220 1463 303 1527 omli
314 1482 322 1510 ⁸
335 1465 401 1547 ejus
415 1484 435 1527 u
450 1464 530 1541 uiuo,
544 1475 574 1528 et
589 1464 714 1529 candidi
728 1465 833 1529 dentes
851 1485 917 1548 rpus
929 1484 950 1527 a
965 1461 1057 1540 lacte,
1077 1473 1111 1525 et
1126 1459 1266 1546 reliqua.

222 1570 291 1658 Qui
305 1571 402 1635 etiam
418 1585 451 1634 et
465 1571 551 1635 unde
563 1583 712 1635 venturus
728 1585 814 1635 esset
827 1569 1007 1656 designavit
1020 1568 1142 1645 dicens,
1156 1567 1265 1631 Ῥω·

217 1677 348 1764 pictum
362 1678 445 1742 vobis
459 1678 620 1742 suscitabit
637 1678 791 1743 Dominus
805 1681 892 1742 Deus
907 1702 947 1742 ex
955 1675 1120 1763 frutribus
1137 1672 1265 1752 vestris,

217 1787 300 1851 sicut
316 1811 385 1865 me,·
408 1789 508 1873 ipsum
523 1789 640 1852 audite.
683 1791 727 1852 Et
747 1787 879 1874 quidem
901 1787 979 1874 quia
999 1807 1066 1851 oon
1086 1783 1191 1870 'possit
1212 1783 1265 1845 in*
1303 1816 1307 1823 ·

220 1895 336 1980 telligi,
359 1896 422 1960 hoc
442 1897 505 1961 ede
519 1899 599 1962 Jesu
612 1900 725 1962 sNave
740 1898 864 1961 dictum
879 1919 962 1975 esse,
977 1895 1185 1960 manifestum
1200 1903 1265 1961 est.

220 1999 314 2083 Nihil
328 2007 413 2075 enirn
430 2007 528 2098 hujus
542 2007 797 2080 circumcisionis
809 2007 842 2070 in
862 2007 934 2091 ipso
953 2004 1131 2085 invenitur-3
1153 2001 1265 2072 adhue

251 2235 265 2259 ⁰
281 2227 351 2276 Idem
362 2228 449 2285 codex,
460 2228 496 2274 ait
506 2228 564 2274 eninr
575 2227 683 2290 intelligi,
692 2238 717 2276 et
728 2243 798 2288 mox,
808 2229 836 2274 de
844 2226 918 2276 Juda.
1206 2284 1210 2289 ,

252 2309 265 2345 Ρ
283 2306 342 2352 eod.
354 2307 454 2354 Bobien.
466 2306 493 2353 de
495 2307 585 2370 femore
595 2307 639 2369 ejus
650 2324 760 2374 usquequo
769 2309 858 2368 ueniat,
870 2309 909 2374 qui
919 2316 960 2354 est.
985 2305 1109 2353 Caeterum
1127 2301 1172 2349 ista
1186 2299 1266 2363 hujtu

218 2382 267 2434 teet
279 2386 442 2447 interpretatio
453 2387 526 2448 longe
537 2388 631 2435 diversa
641 2396 676 2434 est
687 2376 826 2450 avulgata,
838 2400 862 2436 er
872 2389 903 2435 ab
914 2385 1090 2449 antiquioribus
1100 2377 1266 2438 versionibus,

220 2476 281 2527 ques
296 2467 415 2514 exhibent
424 2467 591 2516 Tertullianus
603 2467 775 2528 (Noratiauus)
788 2471 818 2517 de
827 2468 914 2517 Trinit.
925 2481 980 2528 etp.
992 2477 1015 2518 9.
1026 2475 1051 2512 et
1061 2462 1199 2525 Cyprianus
1209 2463 1267 2511 adv.

218 2547 398 2596 surrentini.
410 2562 463 2608 cap.
476 2559 515 2596 21.
548 2548 596 2595 Sed
607 2562 652 2595 nec
663 2563 742 2609 graeco
759 2549 834 2601 Lxx,
851 2550 942 2609 lnterp.
959 2546 1035 2593 textui
1052 2545 1191 2606 respondet,
1209 2543 1267 2591 ticet

219 2643 270 2675 non
288 2642 338 2674 una
354 2643 448 2690 semper
459 2630 490 2676 sit
500 2629 610 2687 ejusdem
622 2629 694 2676 lectio
706 2631 732 2676 in
743 2631 814 2677 codd.
827 2630 899 2677 MSS.
911 2638 935 2676 et
946 2628 1012 2690 apud
1023 2626 1110 2673 Patres.
1137 2624 1202 2671 Vide
1213 2624 1266 2671 No·

219 2710 311 2758 bilium
320 2714 346 2758 in
358 2713 422 2760 notis
434 2715 464 2760 ad
476 2728 534 2767 eum
546 2713 641 2760 locum.
1136 2722 1139 2729 '

252 2787 264 2834 i
284 2792 424 2852 [Prudentio
447 2793 549 2839 Marano
566 2793 617 2839 viro
639 2793 778 2840 doctissimo
793 2796 824 2840 ad
840 2794 929 2840 lustini
951 2791 1050 2852 Apol.i.
1075 2793 1097 2846 §-
1113 2799 1153 2837 θα.
1168 2789 1267 2836 videtur

221 2872 270 2921 hnc
287 2887 337 2918 esse
354 2873 506 2920 librariorum
523 2884 629 2921 erratum
647 2889 689 2934 pro
706 2874 791 2936 cuijus
805 2884 845 2921 est.
875 2876 938 2922 (aluae
953 2874 1053 2934 quidem
1069 2871 1141 2918 lectio
1155 2871 1267 2917 restitute

220 2955 320 3016 propius
336 2955 371 3001 illi
388 2956 480 3002 accedit
494 2970 570 3016 quam
588 2957 702 3002 novimus
718 2957 791 3003 fuisse
807 2956 926 3002 veteribus
946 2962 1086 3015 usurpatam
1102 2947 1121 3010 ᾆ
1134 2949 1266 3006 cirinum,

222 3034 259 3080 cui
270 3035 385 3095 repositum
396 3046 435 3082 est.
472 3036 565 3082 Videsis
577 3037 624 3081 hac
635 3036 664 3081 de
675 3051 699 3082 re
710 3036 857 3085 Cotelerium
871 3037 900 3082 ad
915 3034 1010 3085 Constir.
1022 3033 1099 3094 Aposr.
1113 3031 1155 3078 lib.
1167 3033 1201 3078 vi.
1212 3042 1268 3093 etp.

223 3126 263 3163 11.
275 3115 321 3164 sub
332 3116 424 3163 finem:
440 3116 484 3176 qui
495 3125 607 3177 praterea
618 3118 648 3162 ad
658 3117 800 3164 earumdem
813 3116 888 3164 Const.
899 3116 942 3163 lib.
954 3117 970 3161 i.
982 3129 1035 3176 cap·
1048 3126 1071 3161 1.
1081 3111 1199 3174 praelate
1214 3126 1269 3160 rer·

219 3210 279 3242 sum
298 3204 381 3243 censet
399 3196 454 3242 heic
472 3196 592 3255 ejusmodi
610 3196 731 3244 Geneseos
746 3197 844 3244 locum:
863 3196 903 3260 qui
918 3194 1029 3256 alligavit
1045 3192 1078 3239 ad
1093 3192 1165 3241 uitem
1176 3191 1268 3253 palu.

222 3293 295 3332 suum,
307 3288 329 3323 rt
339 3275 371 3322 ad
379 3277 484 3338 optimam
495 3276 567 3322 vitem
573 3276 663 3337 pullum
673 3276 742 3322 asina
753 3292 807 3323 ruae.
834 3270 1004 3333 Gaulum]
1216 3332 1219 3336 Ι

253 3363 265 3400 <t
282 3359 342 3405 cod.
353 3357 500 3416 casinensis,
512 3356 565 3420 quia
577 3355 619 3401 alli
636 3356 701 3415 abir3
717 3359 759 3405 sed
771 3359 836 3404 hanc
847 3356 981 3403 lectionem
994 3369 1026 3403 ex
1040 3353 1185 3415 repetitione
1194 3365 1269 3402 roet-

113 3469 119 3474 -
219 3439 251 3486 lis
262 3457 286 3496 a,
298 3447 376 3486 ortam
387 3449 455 3498 puto.
480 3437 615 3494 Bobiensis,
627 3436 746 3497 alliga-nir.

253 3526 263 3552 ¹
280 3522 363 3567 Codex
375 3520 475 3566 Bobien.
487 3519 552 3580 efficti
563 3517 629 3564 ocuti.
653 3519 723 3573 Mox,
737 3516 784 3564 Qui
793 3517 860 3566 enim.
887 3519 959 3573 Mox,
970 3514 1110 3577 designavit,
1123 3513 1268 3575 Propheta.

219 3624 222 3628 Α
255 3617 263 3644 a
282 3600 330 3661 [De
341 3601 389 3646 hac
400 3598 503 3651 lectione
519 3599 571 3644 fuse
587 3598 694 3658 disputat
710 3597 814 3645 Grabius
828 3598 854 3644 in
867 3598 966 3644 Dissert
981 3597 1012 3642 de
1024 3594 1099 3641 variis
1108 3592 1178 3640 vitiis
1191 3593 1268 3641 Lxx.

222 3683 320 3741 interpp.
334 3681 356 3736 ξ.
371 3689 410 3730 19.
420 3694 474 3740 pag.
487 3686 527 3726 36.
564 3679 623 3725 Ono
637 3692 667 3724 ex
678 3676 733 3723 loco
743 3676 864 3725 nonnulla
874 3684 987 3737 excerpta
1001 3675 1115 3722 dedimus
1130 3675 1162 3722 ad
1175 3674 1267 3721 Justinl

224 3761 350 3808 Dialem
359 3761 452 3821 Tryph.
464 3763 487 3816 §-
502 3770 542 3806 se.
565 3755 734 3817 citiusne]

255 3859 270 3890 e
288 3839 446 3903 [Corruptam
461 3839 592 3886 lectionem
609 3838 636 3883 de
650 3837 706 3884 Jesu
723 3836 795 3883 Mare
809 3837 901 3883 viderat
913 3836 967 3895 Jern
984 3834 1077 3896 pridem
1095 3835 1122 3882 in
1136 3831 1268 3881 anesiena

220 3925 325 3971 editione
336 3921 412 3980 hujus
421 3919 597 3981 Disputationis
607 3919 739 3966 Cotelerius
751 3919 781 3965 ad
792 3917 907 3964 Barnabae
918 3916 993 3978 Epist.
1004 3928 1057 3978 cap.
1071 3922 1110 3965 tt·
1121 3914 1164 3963 ubi
1175 3915 1208 3962 de
1218 3914 1266 3967 hoe

218 4005 321 4059 nomine
332 4017 375 4063 pro
386 4014 454 4048 more
463 4014 509 4047 suo
520 4000 614 4046 disserit
624 3999 727 4046 erudite.
744 3994 915 4055 cirrium]

246 4095 262 4125 ,¹
278 4085 308 4131 ln
320 4082 432 4131 Bobiensi
444 4081 526 4140 inepta
535 4079 616 4136 lectio,
628 4080 709 4135 Mane,

415 4207 427 4239 ²
443 4209 507 4256 Gen.
519 4207 580 4258 xlix.
593 4217 632 4256 ιο.
827 4208 839 4251 3
856 4200 1014 4264 Deutaviii
1024 4212 1082 4254 tte·
1132 4216 1137 4224 ·
