2684 4740
341 328 615 400 concmun
636 330 1002 401 misserranun.
1151 348 1192 419 μ

166 500 234 568 Hic
243 488 344 568 conon
360 503 405 575 sic
419 503 537 592 legitur
551 503 584 569 in
600 503 702 570 altera
717 504 861 585 editione,
875 521 970 592 quum
985 513 1105 569 senetur
1119 513 1166 568 ert

500 615 606 711 ¹Cerri.
621 615 659 680 de
673 614 823 703 Aguirre.

189 723 225 788 si
246 706 536 813 qus-granum
557 725 590 790 in
611 725 736 790 ruinam
756 725 870 791 moros
884 723 1044 805 incidero,
1056 721 1192 810 placuit,

142 854 243 920 agere
259 835 482 921 poenitentiam
501 859 567 901 non
582 835 699 901 debere
714 836 782 901 sine
798 833 941 922 episcopi
955 834 1117 913 consultu,
1133 832 1191 899 sed

142 938 255 1030 pdtius
274 944 362 1032 apud
380 947 568 1034 episcopum
590 958 686 1034 agat:
708 958 847 1032 cogente
869 958 978 1010 tamen
994 943 1192 1026 infirmitate,

143 1074 212 1117 non
238 1066 287 1119 est
310 1056 572 1144 presbyterorum
597 1068 654 1121 aut
678 1055 900 1136 diaconorum,
926 1054 1190 1120 communionem

142 1163 266 1230 talibus
281 1146 432 1253 praestare
445 1166 573 1248 debere,
590 1167 651 1232 nisi
665 1166 711 1232 eis
721 1166 855 1255 jusserit
868 1165 1051 1254 episcopus.

583 1286 751 1352 XXXIII.

189 1385 342 1452 rPlacuit
363 1387 397 1454 in
418 1400 526 1455 totum
548 1388 713 1476 prohiberi
732 1387 906 1476 episcopis,
927 1383 1134 1475 presbyteris,
1157 1394 1192 1451 et

143 1492 349 1578 diaconibus,
363 1499 412 1563 vel
426 1499 577 1564 omnibus
598 1497 721 1563 clericis
741 1498 854 1585 positis
877 1496 909 1561 in
930 1495 1118 1575 ministerio,
1134 1494 1194 1560 ab·

142 1604 265 1670 stinere
284 1628 320 1672 se
340 1631 360 1673 a
380 1608 574 1697 conjugibus
594 1609 674 1688 suis,
690 1620 724 1673 et
743 1631 807 1673 non
823 1627 977 1694 generare
992 1604 1096 1670 filiosr
1119 1601 1194 1692 qui·

142 1735 289 1803 cumque
302 1739 378 1785 vero
392 1718 515 1802 lecerit,
530 1721 572 1785 ab
587 1719 712 1786 honore
727 1719 896 1784 clericatus
910 1715 1150 1782 exterminetur.

276 1907 283 1925 -.
588 1839 749 1905 XXXIV.

191 1931 316 2000 Cereus
327 1957 386 2023 per
396 1936 483 2003 diem
494 1935 617 2025 placuit
631 1937 663 2003 in
678 1937 866 2004 coemeterio
879 1958 946 2002 non
960 1933 1105 2001 incendit
1122 1931 1196 1999 ‘tin-

145 2043 315 2130 quietandi
337 2047 424 2113 enim
446 2048 576 2135 spiritus
601 2060 787 2115 sanctorum
810 2069 875 2113 non
898 2057 983 2112 sunt.
1027 2045 1096 2134 Qui
1124 2045 1195 2112 haec

146 2173 214 2217 non
230 2153 478 2238 observaverint,
492 2170 661 2224 arceantur
674 2158 716 2224 ab
729 2156 874 2223 ecclesiae
888 2156 1131 2222 communione.

601 2278 745 2346 XXXV.

148 2410 152 2415 -
190 2375 337 2442 ¹Plaouit
349 2378 526 2464 prohiberi,
537 2401 578 2444 ne
591 2379 720 2445 Ieminae
734 2379 768 2445 in
782 2375 969 2445 coemeterio
984 2376 1194 2465 pervigilent,

148 2505 188 2548 eo
203 2485 296 2571 quod
309 2507 398 2574 saepe
412 2487 475 2552 sub
489 2488 627 2555 obtentu
640 2487 794 2555 orationis
815 2489 953 2555 latenter
967 2487 1087 2553 scelera
1100 2504 1195 2553 com·

150 2595 293 2664 mittant.

590 2702 752 2772 XXXVI.

190 2808 352 2892 ’Placuit
366 2811 509 2898 picturas
524 2813 558 2878 in
572 2813 708 2879 ecelesia
722 2833 793 2877 esse
807 2832 872 2876 non
888 2809 1028 2892 debere3
1050 2830 1092 2876 ne
1106 2807 1197 2899 quod

154 2917 281 3001 colitur,
295 2926 351 2985 tet
364 2920 528 3002 adoratur,
543 2921 576 2987 in
591 2922 766 3009 parietibus
781 2920 987 3008 depingatur.
1050 2928 1053 2934 “

584 3032 766 3099 XXXVII.

101 3162 103 3211 ;
193 3131 258 3198 Eos
273 3131 331 3220 qui
344 3133 387 3200 ab
400 3131 577 3199 immundis
590 3134 754 3220 spiritibus
768 3144 931 3212 vexantur,
943 3132 970 3196 si
982 3130 1017 3197 in
1032 3130 1095 3196 fine
1108 3151 1196 3198 mor·

101 3226 103 3245 '
160 3235 195 3301 tis
214 3239 336 3306 luerint
356 3241 538 3321 constituti,
557 3243 715 3330 baptizari
736 3244 861 3329 placet3
889 3242 916 3306 si
936 3240 1047 3306 fideles
1063 3241 1195 3323 fuerint,

161 3343 291 3416 undam
310 3371 382 3417 esse
396 3351 684 3418 communionem:
706 3350 942 3439 prohibendum
961 3351 1071 3432 etiam,
1085 3372 1126 3416 ne
1144 3351 1196 3417 lu·

163 3474 261 3524 ermae
274 3459 311 3525 hi
325 3460 457 3547 publice
471 3459 659 3527 accendant.
693 3462 729 3526 Si
742 3462 846 3526 facere
860 3471 976 3526 contra
986 3458 1195 3527 interdictum

167 3564 311 3635 voluerint
323 3571 532 3637 uabstineant
545 3593 567 3637 a
580 3571 820 3637 communione.

203 3776 332 3869 Peregre
354 3781 553 3870 navigantes,
567 3681 819 3848 diriciileycldleaia
831 3781 865 3847 in
879 3780 1028 3869 proximo
1042 3802 1109 3847 non
1123 3781 1197 3848 lue·

196 3936 285 3989 'Genu
294 3940 332 3990 iic
342 3952 376 3992 ert
384 3943 453 3990 etiarn
464 3958 531 3990 somn
545 3940 640 3991 ausilii
650 3942 748 3991 Vormat.
759 3940 813 3988 anni
825 3948 882 3990 0⁶0.
968 3945 981 3985 I
993 3941 1030 3990 De
1041 3939 1198 3990 laciniatim

175 4012 312 4071 vilermull.
324 4022 365 4072 lib.
376 4022 404 4085 eie
414 4024 490 4087 ΒΜ.
501 4037 555 4087 up.
566 4034 605 4072 1⁵.
616 4021 657 4071 lib.
668 4021 696 4069 de
705 4020 830 4081 Patientr'a,
840 4035 894 4085 cap.
905 4031 930 4079 7.
994 4029 1004 4052 ¹
1017 4022 1084 4070 Hunc
1094 4037 1197 4069 canonem

177 4088 758 4173 *mammaemammalmun.
821 4101 1199 4167 ·Ag.tartur.o1mg.cvar

177 4186 201 4219 θ’
209 4176 265 4231 Grec.
277 4184 365 4234 Rutu.
384 4185 442 4232 Iteur
452 4184 506 4244 loo,
518 4194 579 4247 pert.
588 4184 623 4232 iii.
631 4196 685 4246 cop·
693 4193 734 4232 40.
745 4181 898 4245 Bereiardnr,
909 4183 952 4234 lib.
961 4182 996 4233 iit.
1006 4197 1030 4232 c.
1038 4192 1079 4233 8³.
1143 4184 1151 4215 ¹
1165 4184 1201 4232 A·

178 4254 245 4321 Idm,
253 4276 301 4315 aut.
368 4271 381 4298 ¹¹
392 4266 421 4314 In
432 4266 490 4316 MS.
501 4266 682 4316 sbstincenmr:
699 4264 739 4312 loc
749 4273 844 4315 taren.

652 4357 708 4409 132
