2684 4740
226 309 466 380 Ascurum
488 311 545 378 nr
564 311 772 379 manuus
792 306 1082 378 msrurnrro.
1123 326 1182 399 145

137 478 229 561 dens,
243 486 363 572 quique
381 507 400 548 a
421 485 514 550 nobis
533 485 719 550 observatus
733 497 782 548 est
798 508 901 573 usque
921 483 962 548 ad
981 483 1068 548 hunc
1082 482 1182 563 diem,

135 612 193 678 per
207 614 308 658 annos
323 594 471 681 singulos
486 605 573 659 extra
588 595 702 658 urbem
717 595 850 680 egressi,
863 615 1015 658 unacum
1030 592 1183 680 conjugi·
1255 630 1262 636 -

135 705 196 770 bus
211 727 250 770 ac
266 707 386 788 liberis,
401 707 621 793 supplicamus
643 707 715 785 soli,
729 719 762 771 et
782 705 930 770 invisibili
950 705 1038 782 Deo,
1059 702 1181 768 imbres

133 813 177 881 ab
201 835 243 878 eo
266 815 342 880 satis
364 817 481 880 nostris
504 837 542 880 ac
564 816 713 902 frugibus
735 816 960 879 obsecrantes:
993 813 1082 900 quod
1104 830 1180 878 cum

134 933 294 1010 tempore,
308 946 347 989 ac
368 946 459 989 more
479 925 575 990 solito
598 926 843 1005 celebraremus,
866 926 1075 988 immorantes
1092 922 1182 1010 jeju·

133 1053 194 1096 rsus
207 1054 320 1120 vesper
334 1033 469 1116 obtexit,
482 1049 516 1099 et
530 1021 707 1120 gravabant
732 1057 789 1100 nos
810 1034 877 1099 duo
892 1033 1038 1099 omnium
1054 1032 1180 1098 difficil-

132 1139 224 1220 lima,
240 1141 418 1229 jejunium,
433 1155 465 1207 et
480 1143 608 1229 vigiliae.
654 1144 750 1208 Circa
763 1144 907 1208 medium
924 1165 998 1207 vero
1013 1144 1117 1208 noctis
1132 1143 1182 1208 in·

131 1251 225 1318 vidus
240 1254 346 1333 nobis,
357 1267 391 1320 et
405 1257 611 1343 importunus
627 1279 761 1322 somnus
777 1259 919 1344 obrepsit
928 1282 937 1336 3
954 1268 987 1321 et
1002 1256 1179 1322 cervicibus

134 1361 316 1450 &gravatis
332 1386 370 1428 ac
385 1365 475 1445 laxis,
490 1366 503 1412 f
510 1366 659 1432 demerso
672 1368 790 1454 capite,
806 1368 944 1432 frontem
966 1367 1105 1454 genibus
1120 1366 1178 1430 eli·

133 1469 193 1538 dit.
239 1475 316 1538 Hoc
337 1464 447 1540 autern
469 1477 591 1542 factum
610 1490 672 1557 est,
689 1478 840 1564 quoniam
862 1490 990 1563 tempus
1006 1478 1128 1557 aderat,
1142 1488 1180 1542 ut

134 1583 196 1650 Dei
207 1582 334 1672 judicio
349 1607 460 1671 poenas
475 1608 534 1673 pro
550 1586 670 1650 meritis
684 1586 896 1671 penderemus
910 1610 919 1664 3
944 1587 1076 1651 forsitan
1090 1588 1178 1652 enim
1280 1620 1288 1631 ν

134 1705 306 1780 peccantes
325 1694 567 1781 ignorabamus,
584 1707 641 1761 aut
663 1696 760 1758 etiam
783 1708 995 1781 agnoscentes
1013 1717 1076 1758 non
1094 1696 1179 1761 desi·

135 1802 301 1876 uebamus.
347 1805 384 1867 In
407 1804 462 1867 illa
482 1805 583 1890 igitur
605 1804 686 1869 hora
707 1804 815 1868 subito
836 1804 977 1868 militum
993 1827 1051 1869 nos
1067 1805 1181 1870 multi-

125 1909 214 1977 ‚tudo
228 1911 420 1991 circumdat,
437 1924 474 1976 ut
488 1913 628 1992 aestimo,
643 1910 794 1999 putantes
810 1936 869 1977 nos
884 1936 944 1999 pro
959 1913 1081 1978 insidiis
1097 1935 1178 1979 con-

134 2021 264 2099 sedisse,
281 2035 337 2086 aut
352 2022 484 2085 omnino
504 2045 597 2086 usum
614 2023 663 2085 vel
678 2021 821 2086 studium
838 2022 957 2087 habere
972 2022 1178 2108 praeliorum3

134 2141 165 2194 et
180 2130 272 2196 nulla
286 2143 462 2195 conventus
484 2131 585 2195 nostri
605 2153 701 2195 causa
720 2131 848 2218 penitus
863 2132 1040 2218 explorata,
1056 2132 1181 2197 bellum

134 2238 226 2304 nobis
249 2239 456 2319 denunciant,
475 2262 539 2303 non
561 2262 718 2320 sermone,
742 2240 798 2303 sed
819 2240 942 2326 gladio,
965 2253 999 2305 et
1019 2241 1178 2320 homines,

134 2349 187 2436 qui
202 2347 354 2436 injuriam
372 2351 475 2416 facere
491 2351 644 2436 cuiquam
659 2373 725 2414 non
741 2350 924 2430 didicimus,
942 2352 1009 2415 sine
1030 2351 1096 2416 ulla
1116 2351 1180 2416 mi-

133 2457 307 2522 sericordia
326 2458 563 2523 missibilibus
580 2459 757 2539 vulnerant,
772 2458 872 2524 hastis
888 2460 1089 2538 confodiunt,
1105 2477 1179 2524 mua

132 2565 285 2630 cronibus
306 2565 471 2653 jugulant.
516 2560 563 2630 Et
578 2567 807 2631 interfecerunt
825 2566 957 2652 quidem
973 2588 1012 2630 ex
1026 2566 1121 2630 nobis
1137 2566 1179 2632 ad

132 2672 221 2738 mille
249 2686 412 2747 trecentus
440 2676 535 2758 viros,
563 2672 807 2742 vulneraverunt
834 2687 942 2741 autem
969 2676 1177 2764 quingentos·⁶

133 2776 220 2847 Cum
239 2805 315 2848 vero
334 2784 402 2849 dies
424 2785 584 2867 inclaruit,
607 2781 663 2873 qui
685 2786 907 2872 superfuerant
928 2808 968 2850 ex
990 2786 1096 2867 nobis,
1111 2785 1177 2852 huc

129 2891 349 2976 perduxerunt
359 2895 515 2982 captivos,
528 2918 585 2960 nec
600 2896 646 2960 sic
660 2896 793 2982 quidem
809 2895 930 2983 aliquid
944 2896 1037 2961 nobis
1051 2895 1177 2960 miseri·

129 3000 251 3066 cordiae
267 3004 498 3070 concedentes:
522 3006 664 3092 agebant
682 3005 767 3069 enim
779 3026 847 3069 ,nos
862 3017 937 3070 ante
949 3027 1061 3092 equos,
1076 3005 1179 3069 hasti·

127 3106 215 3175 lium-
230 3101 414 3179 verberibus
435 3115 630 3194 stimulatos,
646 3131 679 3180 et
693 3136 848 3202 equorum
873 3115 1033 3180 frontibus
1055 3115 1176 3202 impul·

128 3239 194 3284 sos.
239 3223 283 3285 Et
301 3223 481 3308 perduravit
495 3224 641 3310 quidem,
656 3224 683 3289 si
696 3209 751 3289 eui
764 3224 843 3289 vires
859 3224 990 3289 fuerunt
1006 3224 1176 3304 tolerandi,

128 3326 262 3414 plurimi
278 3352 352 3396 vero
368 3344 441 3397 ante
457 3355 514 3398 ora
530 3333 736 3399 dominorum
758 3333 937 3398 crudelium
958 3333 1175 3416 concidentes,

127 3433 475 3522 animas-exhalabant3
491 3442 664 3528 pendentes
681 3442 835 3507 uberibus
850 3443 1000 3528 parvulos
1015 3465 1090 3507 suos
1104 3465 1175 3508 ma-

125 3553 204 3622 tres,
219 3543 405 3632 defatigatis
425 3569 463 3612 ac
484 3548 624 3612 dimissis
642 3569 739 3614 onere
754 3548 905 3629 brachiis,
920 3549 1011 3615 humi
1025 3549 1175 3615 decidere

125 3649 286 3732 sinebant,
301 3655 432 3740 agitatae
446 3656 684 3744 insequentium
701 3657 795 3722 minis
805 3682 816 3737 3
840 3659 946 3722 omnis
966 3681 1041 3724 vero
1065 3659 1172 3724 senilis

125 3770 208 3827 εἰπε
220 3761 305 3827 victa
318 3764 495 3845 laboribus,
508 3788 546 3830 ac
560 3768 702 3832 resoluta
715 3789 774 3852 per
787 3767 939 3848 inediam,
955 3769 1126 3834 corruebat
1140 3769 1174 3832 in

125 3885 257 3939 mnam·
301 3876 440 3961 Superbi
455 3898 528 3941 vero
543 3876 661 3941 milites
682 3876 746 3941 hoc
767 3889 835 3940 tam
856 3889 992 3943 cruento
1010 3879 1173 3944 collaben-

125 3979 219 4047 timn·
235 3986 433 4069 spectaculo,
457 4000 610 4073 tanquam
636 3986 800 4076 voluptate
827 3986 945 4074 aliqua,
971 3988 1170 4066 fruebantur,

125 4114 202 4160 cum
214 4093 295 4160 alios
311 4096 495 4165 deficientes
509 4098 608 4166 sterni
622 4098 694 4164 solo
708 4099 887 4179 cernerent,
901 4098 934 4163 in
948 4097 1018 4162 aliis
1034 4098 1103 4163 sitis
1117 4118 1168 4162 ar-

276 4254 288 4289 f
305 4259 384 4321 Forte,
394 4259 489 4309 dimisso.
610 4268 621 4301 ⁸
641 4262 745 4311 Barbara
755 4277 803 4312 vox
815 4276 867 4323 pro,
879 4257 1005 4309 missilibus.

166 4336 257 4385 Vola·
274 4341 328 4388 1v.
648 4345 669 4389 1.
