2684 4740
207 311 261 376 IN
283 303 551 375 FRAGMENT.
572 302 760 377 INCERTI
781 302 1053 374 SCRIPTORis.
1114 318 1153 391 17

103 479 208 545 redux
239 480 391 545 nimirum
420 480 462 544 ab
490 479 598 557 exilio,
628 480 745 559 Nerva,
775 477 955 565 Trajanove
980 474 1151 562 Augustis,

102 568 194 631 Euan
239 566 320 631 lium
335 586 433 630 suum
445 565 584 650 seriptit.
616 566 664 629 Ea
677 576 785 628 tamen
800 564 953 650 temporis
968 561 1152 648 designatio

103 672 173 715 nou
193 587 326 717 iimiter
346 650 429 715 adeo
450 660 709 728 contestataest,
720 662 761 714 ut
782 672 847 713 nou
866 648 957 713 alteri
977 646 1116 712 breviori
1129 666 1155 711 a·

102 734 310 822 relegatione·
325 736 412 802 illius
431 734 465 798 in
486 737 622 799 Patmon
643 734 780 799 insulam
802 735 863 798 sub
881 733 1084 811 Domitiano,
1100 731 1156 797 lo··

103 840 166 885 eus
180 831 301 906 pateat.
339 819 487 886 Potuisse
500 832 598 906 po'rro
611 820 768 906 attingere
783 819 844 882 hos
858 841 958 883 annos
974 817 1157 897 Andream,¹

103 904 191 991 quis·
203 904 265 971 ibit
284 906 418 985 inficias,
434 922 509 969 oum
531 906 575 969 ob
597 905 711 983 multa,
734 904 976 990 vastissimaque
997 901 1156 988 Apostoli·

103 989 207 1077 hujus
220 990 346 1070 itinera,
360 1010 434 1091 quae
447 990 481 1053 in
496 990 637 1054 historiis
649 989 880 1076 antiquissimis
894 1008 1155 1052 commemoran—

103 1086 172 1152 tur,
187 1076 377 1140 autumandi
391 1088 587 1161 suggeratur
600 1075 694 1153 ratio,
706 1074 888 1160 pervenisse
903 1072 994 1137 illum
1010 1074 1051 1136 ad
1067 1088 1159 1158 pre:

104 1159 384 1244 grande-senium,
397 1159 501 1224 donee
513 1161 556 1224 ab
568 1161 706 1247 A'egaea,
717 1158 849 1223 Achaiae
863 1158 1067 1246 proconsule,
1080 1174 1157 1222 cru*

104 1245 155 1308 eis
169 1245 343 1345 suspendio
354 1246 574 1311 'damnaretur
590 1247 883 1309 Fanrrsunntaa.
915 1244 953 1308 In
968 1242 1157 1329 regionibus

106 1329 154 1393 ab
166 1331 255 1394 ¹Atra
277 1344 342 1395 non
368 1331 466 1417 longe
489 1330 622 1396 remotis
644 1330 846 1416 evangelium
869 1329 1060 1414 praedicasse
1084 1330 1159 1392 An-·

107 1414 233 1494 dream,
244 1414 340 1480 fldem
356 1415 433 1480 facit
447 1414 582 1480 idoneus
596 1430 710 1480 auctor
722 1414 901 1500 Gregorius
915 1414 1154 1495 Nazianzenus,

110 1496 205 1563 Orat.
214 1520 284 1564 xxv.
295 1522 328 1601 p.
336 1512 406 1565 438.
417 1501 496 1565 edit.
509 1501 608 1566 Paris.
619 1502 676 1566 ubi
684 1501 819 1585 Epirum
832 1499 909 1564 huic
918 1499 1068 1585 apostolo
1077 1520 1155 1585 pro·

108 1584 246 1648 vinciam
260 1585 360 1650 fuisse
373 1585 440 1650 ait·
472 1588 570 1650 Porro
586 1600 692 1650 narrat
706 1587 928 1671 Hieronymus
943 1606 973 1648 c.
986 1596 1017 1660 7.
1031 1583 1088 1648 lib.
1103 1585 1156 1649 De

113 1667 204 1733 Viris
216 1668 270 1734 Iit.
286 1680 360 1736 ossa
373 1672 407 1734 S.
422 1672 522 1735 Lucae
541 1692 616 1735 eum
638 1671 779 1757 reliquiis
797 1668 937 1734 'A'ndreae
957 1668 1096 1754 apostoli
1113 1669 1157 1735 ad

109 1752 430 1841 Constantinopolim
444 1756 473 1819 vi
498 1756 599 1820 esimo
611 1755 792 1820 Constantii
803 1776 887 1819 anno
902 1753 1053 1819 translata
1067 1774 1156 1836 esse3

107 1838 170 1904 ubi
189 1861 231 1903 ex
252 1840 448 1927 Philostorg.
502 1839 553 1904 ist.
568 1840 657 1904 Eccl.
672 1840 729 1905 lib.
743 1840 789 1906 iii.
807 1862 837 1902 c.
852 1853 882 1903 2.
903 1839 1024 1906 notavit
1044 1840 1161 1905 Fabri:

107 1922 195 2025 eius,
210 1946 251 1989 ex
263 1924 388 1990 Addaia
401 1925 570 1991 translatas
588 1946 657 1991 asse
678 1926 736 1991 SS.
751 1925 890 1990 Andreae
908 1936 944 1990 et
961 1927 1061 1989 Lucae
1080 1925 1156 1990 reli·

135 2028 217 2074 uras.
332 2020 337 2029 '
377 2026 380 2033 ’
456 2022 482 2039 ·“

110 2031 193 2159 qP.
211 2108 243 2159 3.
266 2094 290 2159 Ῑ.
309 2110 360 2160 21.
382 2095 540 2162 Johannis
562 2118 624 2162 suo
651 2097 781 2162 nomine
805 2107 923 2161 cuncta
945 2095 1153 2184 describeret]

110 2179 490 2247 Manifestmuhsnnes.
526 2184 820 2247 Pnarsnnntua.
873 2183 927 2246 De
956 2182 1064 2248 divino
1093 2183 1160 2249 h'oo

109 2265 281 2365 evangelio
301 2266 445 2353 dignum·
457 2278 572 2333 notatu
586 2274 650 2347 ‘est
666 2268 763 2332 verba
780 2288 821 2331 ex
840 2288 882 2331 eo
899 2266 1041 2333 adducta
1059 2267 1160 2337 videri

109 2349 175 2413 su'b
190 2348 318 2416 initium
333 2352 443 2417 sarculi
457 2352 603 2418 ecclesia
616 2353 748 2417 secundi
762 2353 804 2416 ab
820 2353 949 2438 ignatio
963 2353 996 2417 in
1008 2352 1159 2439 Epistola

24 2520 27 2525 Ι
110 2433 157 2498 ad
166 2433 315 2500 Pataui
336 2435 452 2517 denses,
464 2439 495 2520 ξ.
506 2449 536 2513 7.
573 2438 684 2503 uo'det
697 2461 716 2502 a
730 2437 1063 2525 'Presbyterisfaetum
1074 2456 1157 2518 esse,

108 2520 171 2606 qui
189 2454 412 2607 apostossrum
433 2460 581 2608 discipdii
601 2523 743 2598 fuerunt,
759 2522 857 2585 refert
877 2521 1000 2608 Papias,
1016 2535 1073 2586 aut
1091 2523 1157 2588 sal·

110 2618 183 2668 tem
196 2605 265 2691 ipse
279 2607 434 2686 irenre'u's,
450 2608 547 2672 tiu-v.
566 2610 682 2672 Contra
698 2608 823 2670 Hoeres.
840 2627 910 2691 cap.
926 2605 987 2670 ult.
1006 2606 1042 2669 Α
1056 2606 1157 2675 Celso

111 2687 227 2754 itidem
242 2692 330 2776 apud
346 2691 511 2779 origenem
528 2693 609 2758 locis
630 2691 770 2768 duobus,
787 2691 841 2755 lib.
856 2691 889 2754 ii.
903 2711 932 2755 c.
944 2702 1045 2766 ³7.-er
1058 2698 1154 2759 efod.

111 2768 283 2840 Hadriano
302 2790 459 2865 regnante
476 2779 609 2857 ioannis
626 2776 896 2863 euangeliumrel
913 2774 1090 2842 indicatum
1109 2778 1165 2844 vsi·

111 2858 248 2924 aliatum
264 2872 325 2926 est.
370 2861 484 2926 Addat
498 2863 664 2927 Justimnn
674 2864 732 2927 Μ.
748 2861 856 2925 medio
870 2860 992 2925 saeoulo
1013 2864 1158 2928 seeundo

109 2942 200 3008 idem
214 2944 433 3012 adducentem
453 2948 485 3011 in
499 2947 656 3034 Apologia
677 2947 719 3011 ad
737 2947 943 3010 Antoninum
964 2947 1068 3026 Pium,
1083 2949 1158 3013 Hs-

109 3027 301 3117 driauo··qui
314 3031 481 3112 suecessit,
498 3034 529 3115 ξ.
544 3032 600 3097 lxi.'
616 3053 649 3117 p.
662 3042 713 3107 71.
727 3031 779 3096 ed.
794 3030 994 3096 Benedictin.
1042 3033 1090 3097 Ut
1106 3034 1158 3100 ul·

110 3114 476 3201 terius'progrediamur
489 3117 521 3181 in
536 3117 597 3182 hac
611 3117 743 3204 quidem
759 3138 805 3194 re,
819 3116 900 3181 nihil
914 3136 1009 3202 opus.

157 3198 281 3285 lisidsl.
294 3204 344 3264 aa.
366 3201 735 3288 principia¹doceantur]
755 3200 889 3282 Viderit,
904 3200 1010 3288 inquit
1022 3203 1166 3269 ‘sertui'
1201 3221 1204 3226 ·

110 3280 230 3362 liunus,
245 3284 273 3347 si
286 3286 503 3352 maurianum
516 3286 677 3372 dispositio
691 3287 826 3351 υανὶαυίι
838 3290 903 3370 (sc.
918 3287 1004 3372 apud
1017 3309 1095 3353 evan
1120 3311 1157 3355 e·
1181 3288 1183 3292 ’

109 3367 229 3453 listas),
237 3369 403 3436 demendo
415 3372 572 3457 decapite
584 3373 659 3437 fidei
671 3371 841 3437 conveniat.
855 3372 912 3449 lib.
924 3371 968 3449 iv,
977 3371 1048 3436 adv.
1103 3390 1158 3439 ur-

110 3452 196 3516 ciue
207 3458 284 3553 oap.
294 3468 325 3520 τ.
347 3457 541 3521 Voce-enim
554 3455 714 3542 principia
728 3457 832 3542 magis
848 3456 1081 3542 putem'cupita
1099 3478 1158 3525 seu

105 3538 333 3622 «propositiones
352 3541 537 3627 significari,
558 3542 616 3629 qui
701 3562 778 3606 eum
799 3542 833 3606 in
855 3550 911 3606 ore
932 3543 1083 3607 omnibus
1104 3544 1158 3625 sit,

110 3620 396 3715 dooeriprinoipia
407 3626 473 3691 sive
486 3625 593 3713 capita
606 3564 640 3691 d
650 3628 691 3706 ei,
704 3638 802 3714 quam
818 3626 977 3713 prooemia
997 3634 1165 3714 usupra-³

110 3706 357 3807 fatiopesi‘e'tsi'
364 3711 560 3809 conmanunt
576 3711 655 3811 quid
670 3711 805 3777 suadere
819 3711 963 3811 videatur
975 3711 1158 3811 Gapimitins
1240 3780 1248 3789 ,s

113 3792 542 3895 Tettium-Respofflrrtama
552 3799 692 3861 'Victore
707 3794 831 3883 Capua
844 3799 1047 3945 episeopp's.
1061 3797 1165 3887 Poly«,

109 3882 212 3973 carpo
228 3874 476 3965 adempturum,
495 3881 553 3947 ubi
573 3880 644 3946 haec
665 3894 760 3948 sunt:
787 3880 954 3946 Rationum
996 3904 1030 3946 er
1045 3882 1156 3961 Evan-

108 3959 242 4047 gshsroe
251 3962 420 4061 principiis
434 3965 566 4031 diversis
577 3976 710 4031 utuntur
716 3990 731 4047 ·,·
753 3965 974 4066 quamvis'nno
990 3967 1164 4117 eademgn'e·

109 4046 359 4145 Qiraeandi
370 4060 483 4116 eonem·
513 4050 637 4117 radetur
650 4052 803 4118 intentior
829 4052 1083 4131 Muttioeamut'
1122 4074 1167 4117 εν

111 4128 370 4212 &oeo'te'riibrtu'
405 4152 461 4200 erte
495 4135 578 4201 oioe
592 4135 710 4201 curisti
724 4137 862 4203 ordinem
877 4136 989 4215 tenuit,
1003 4147 1041 4200 ut
1055 4138 1157 4204 osterr-

109 4213 203 4280 dem
217 4215 259 4281 ai
270 4226 311 4283 'eu
420 4158 688 4293 induendum
698 4223 856 4310 progenie,
870 4221 909 4287 de
923 4240 985 4309 pua
999 4242 1069 4288 uem
1083 4244 1168 4291 aare

162 4319 253 4367 vot..
270 4321 323 4370 tv.
530 4358 535 4364 .
644 4326 665 4372 o
