2684 4740
146 311 208 380 104
303 317 314 335 =
343 297 489 363 cxsrs
510 297 636 364 :run
660 295 982 363 zxuorrsrnuu.

146 479 234 534 tuor.
278 466 367 533 Felix
381 469 496 532 flamen
512 482 685 554 perpetuus
700 480 829 533 curator
848 465 1035 554 reipublice
1051 466 1188 534 Silvano

146 587 180 641 et
196 575 320 642 Caroso
335 576 436 643 dixit:
457 579 685 644 Demonstratc
702 593 826 644 ceteros
844 578 992 643 lectores.
1036 576 1189 643 Silvanus

146 697 181 749 et
195 685 335 751 Carosus
350 685 519 752 dixerunt:
541 689 562 752 J
564 710 615 752 am
631 687 710 752 dixit
724 689 894 775 episcopus
909 687 984 773 quia
998 685 1141 751 Edusius
1153 699 1190 752 et

146 794 262 859 lunius
276 808 462 881 exceptores
478 817 590 860 omnes
606 810 770 861 noverunt.
807 796 873 882 Ipsi
888 795 948 860 tibi
961 795 1189 859 demonstrent

145 903 188 968 ad
203 903 318 969 domus
332 927 456 971 eorum.
488 905 628 971 Edusius
642 919 675 970 et
687 908 707 970 J
710 907 803 971 unius
819 919 1003 990 exceptores
1018 903 1189 969 dixerunt:

146 1014 220 1079 Nos
234 1035 290 1078 eos
304 1013 573 1095 demonstramus,
589 1015 741 1080 Domine.
781 1018 910 1080 Etcum
927 1027 1057 1078 ventum
1073 1013 1190 1079 fuisset

146 1120 188 1188 ad
210 1121 352 1187 domum.
363 1123 477 1188 Felicis
494 1124 637 1203 sarsoris,
652 1124 788 1210 protulit
800 1123 928 1188 codices
941 1123 1099 1209 quinque.
1143 1122 1190 1186 Et

146 1253 221 1296 cum
242 1244 372 1296 ventum
392 1249 477 1297 esset
498 1233 540 1298 ad
559 1235 694 1298 domum
712 1234 884 1311 Victorini,
899 1232 1035 1319 protulit
1054 1231 1189 1297 codices

68 1327 85 1344 “
146 1353 234 1406 octo.
273 1343 404 1406 Etcum
420 1352 550 1415 uentum
565 1343 678 1408 fuisset
692 1342 734 1406 ad
748 1343 882 1407 domum
903 1340 1054 1428 Projecti,
1069 1353 1189 1426 protu-

145 1449 185 1515 lit
197 1450 325 1515 codices
340 1471 375 1514 x.
386 1451 538 1537 majores,
549 1463 583 1516 et
598 1451 736 1515 minores
748 1451 842 1516 duos.
867 1451 911 1515 Et
923 1470 999 1513 curn
1015 1448 1057 1513 ad
1072 1470 1189 1534 gram·

145 1558 257 1624 matici
283 1559 418 1623 domum
447 1572 577 1625 ventum
603 1560 726 1638 fuisset,
752 1559 842 1624 Felix
865 1560 982 1623 flamen
1008 1571 1194 1644 perpetuus·

146 1681 276 1735 curator
288 1667 415 1734 Victori
428 1668 643 1753 grammatico
663 1668 762 1734 dixit:
785 1667 895 1733 Profer
909 1666 1092 1751 Scripturas
1105 1687 1189 1753 quas

145 1777 258 1857 habes,
284 1790 320 1842 ut
344 1789 506 1864 praecepto
530 1799 641 1864 parere
665 1777 780 1864 possis.
813 1777 928 1841 Victor
952 1778 1190 1862 grammaticus·

146 1884 266 1955 obtulit
290 1885 419 1950 codices
445 1906 490 1951 11.
515 1898 549 1950 et
572 1886 738 1972 quiniones
764 1897 913 1972 quatuor.
957 1884 1047 1949 Felix
1069 1885 1186 1949 flamen

146 2006 322 2082 perpetuus
341 2007 472 2060 curator
487 1995 614 2061 Victori
635 1995 736 2061 dixit:
766 1996 877 2060 Profer
898 1993 1092 2079 Scripturas,
1113 1993 1188 2079 plus

146 2102 258 2179 habes.
279 2104 396 2169 Victor
409 2103 640 2189 grammaticus
655 2103 755 2168 dixit:
779 2104 815 2168 si
828 2103 902 2189 plus
918 2102 1116 2181 habuissem,
1129 2101 1188 2167 de·

146 2211 277 2276 dissem.
310 2213 444 2277 Etcum
459 2222 588 2276 ventum
603 2211 718 2278 fuisset
732 2212 774 2277 ad
788 2213 924 2276 domum
939 2211 1059 2277 Euticii
1075 2211 1187 2277 ceu·

145 2321 311 2402 rianensis,
335 2323 422 2387 Felix
443 2325 561 2388 flamen
583 2337 758 2410 perpetuus
779 2335 908 2388 curator
929 2321 1058 2386 Euticio
1083 2321 1187 2388 dixit:

148 2431 260 2495 Profer
277 2431 458 2518 Scripturas
479 2454 558 2518 quas
580 2432 691 2510 habes,
706 2445 744 2496 ut
760 2443 922 2519 praecepto
942 2452 1053 2518 parere
1073 2431 1187 2516 possis.

146 2540 296 2607 Euticius
310 2540 408 2606 dixit:
432 2543 512 2607 Nou
529 2542 646 2608 habeo.
690 2541 778 2606 Felix
797 2543 1111 2627 flamenperpetnus
1128 2542 1189 2605 cn-

147 2662 235 2715 rator
255 2649 384 2714 Euticio
406 2649 507 2714 dixit:
533 2651 690 2715 Professio
712 2662 769 2714 tua
791 2650 871 2714 actis
893 2649 1005 2713 haeret.
1048 2651 1191 2715 Etcum

148 2770 279 2826 ventum
300 2757 413 2823 fuisset
432 2757 474 2822 ad
496 2758 633 2823 domum
656 2757 853 2837 Cnddeonis,
867 2757 1003 2843 protulit
1022 2779 1104 2821 uxor
1120 2756 1192 2844 ejus

150 2865 280 2938 codices
301 2884 366 2928 sex.
410 2864 499 2928 Felix
520 2866 636 2929 flamen
658 2880 830 2951 perpetuus
853 2879 982 2930 curator
1004 2856 1191 2950 reipublice

150 2972 249 3039 dixit:
265 2975 396 3060 Quaere,
413 2992 453 3037 ne
467 2972 540 3058 plus
556 2972 699 3038 habeatis
708 2999 718 3054 3
736 2976 853 3061 profer.
869 2973 991 3039 Mulier
1004 2971 1192 3059 respondit:
1243 3005 1245 3011 ·

151 3084 231 3148 Non
254 3081 370 3146 habeo.
416 3080 503 3145 Felix
522 3083 639 3145 flamen
660 3103 833 3168 perpetuus
855 3097 985 3147 curator
1005 3081 1193 3166 reipublice

152 3190 234 3263 Bori
249 3212 338 3255 servo
352 3188 484 3275 publico
499 3189 600 3254 dixit:
624 3191 723 3270 Intra,
738 3204 772 3256 et
785 3213 905 3278 quare,
919 3211 960 3254 ne
973 3190 1046 3274 plus
1061 3189 1194 3256 habeat,

155 3299 269 3374 Servus
284 3279 438 3384 publicus
447 3295 548 3362 dixit:
571 3298 723 3386 Quaesivi,
739 3311 771 3362 et
790 3321 854 3364 non
874 3298 989 3363 inveni.
1005 3312 1011 3329 ‘
1032 3298 1122 3362 Felix
1136 3299 1195 3363 fla·

155 3431 230 3474 men
252 3420 426 3493 perpetuus
448 3418 575 3473 curator
594 3406 779 3492 reipublicae
796 3406 979 3484 Victorino,
1000 3405 1144 3486 Silvano,
1160 3419 1197 3472 et

158 3516 282 3603 Caroso
298 3515 397 3578 dixit:
420 3515 454 3578 Si
474 3515 552 3601 quid
571 3516 678 3580 minus
698 3517 820 3581 factum
839 3516 947 3592 suerit,
962 3538 1019 3579 vos
1033 3516 1198 3606 contingit

156 3622 373 3712 periculum.’'
414 3622 543 3709 Quibus
564 3622 668 3703 lectis,
691 3622 889 3710 Zenophilus
905 3625 948 3688 V.
963 3622 1003 3687 C.
1018 3623 1197 3691 consulari·

155 3731 282 3809 Victori
306 3729 421 3801 dixit:
438 3728 601 3795 Confitere
625 3731 822 3817 simpliciter.
866 3732 981 3798 Victor
1004 3731 1196 3816 respondit:

157 3840 239 3915 Nou
253 3840 300 3904 fui
315 3860 465 3925 praesens.
508 3839 730 3905 Nundinarius
744 3840 897 3904 diaconus
912 3840 1013 3904 dixit:
1037 3839 1200 3925 Legimus

159 3947 312 4038 epistolas
332 3948 557 4032 episcoporum
576 3949 676 4014 factas
697 3970 716 4013 a
735 3950 852 4013 Forte:
880 3962 913 4012 et
933 3947 1015 4032 legit
1034 3947 1203 4032 exemplar

159 4058 261 4126 libelli
276 4055 384 4133 traditi
397 4054 555 4142 episcopis
570 4077 590 4121 a
602 4055 807 4122 Nundinario
822 4055 984 4120 diacono·
997 4053 1135 4118 “Testis
1150 4066 1204 4120 est

164 4167 313 4237 Christus
327 4177 361 4233 et
374 4162 483 4253 angeli
496 4162 578 4251 ejus,
593 4163 746 4252 quoniam
761 4163 961 4231 tradiderunt
976 4161 1094 4252 quibus
1106 4182 1204 4230 com·
