2684 4740
338 319 576 389 nsosoem
597 317 682 387 sno
704 315 921 385 onrsuns.
1083 327 1145 404 301

113 489 260 580 superius
274 489 315 556 ab
329 490 387 556 illo
401 489 526 578 digesta
540 501 626 556 sunt.
655 491 714 554 ·Et
724 488 796 555 haec
811 487 942 578 quidem
957 483 1149 574 grauanter

113 600 158 664 de
175 598 806 686 omnibuszEcclesiasticisdogmatibus
825 597 867 664 ab
885 596 944 664 illo
956 595 1049 684 {diota
1062 604 1149 663 suut.
1183 612 1186 616 ·

114 711 292 797 Pergamus
305 722 416 776 autem
430 723 464 776 et
479 733 551 797 quae
564 707 744 798 specialiter
755 707 796 773 de
807 705 955 794 singulis,
964 717 997 772 et
1008 705 1150 775 maxime
1197 742 1203 751 ·

114 819 158 884 de
171 820 399 908 principalibus
413 821 520 902 rebus,
533 821 575 887 de
590 833 698 887 sancta
712 834 745 887 et
758 818 1028 898 beatsTrinitate,
1042 817 1076 882 id
1090 827 1151 896 est,

113 929 158 993 de
170 930 275 1009 Patre,
288 935 322 994 e't
336 930 429 1011 Filio,
443 944 478 997 et
493 929 614 1018 Spiritu
629 943 740 996 sancto
756 927 888 994 senserit
908 926 1099 1007 indicantes,
1116 935 1152 992 et

114 1038 362 1125 proferentesin
377 1038 520 1106 medium
535 1061 574 1105 ea
590 1063 662 1128 quae
676 1039 710 1104 in
724 1038 861 1105 diversis
874 1037 925 1103 sui
942 1037 1048 1125 operis
1061 1037 1153 1104 volu·

114 1146 259 1214 minibus
274 1148 392 1215 inserta
406 1149 580 1230 mandavit,
593 1161 627 1214 et
638 1162 675 1215 ut
688 1148 788 1236 ipsius
809 1146 1027 1225 sententiade
1048 1145 1152 1212 maxi·

115 1255 226 1322 miset
240 1256 353 1323 divinis
367 1258 463 1325 rebus
478 1277 550 1346 quae
564 1257 661 1324 fuerit
676 1257 874 1338 ostendatur,
889 1271 923 1324 et
938 1257 1091 1322 Pduobus
1103 1256 1155 1322 sel
1187 1290 1190 1292 ·

115 1369 220 1435 tribus
237 1391 354 1436 vocum
374 1391 504 1436 suarum
525 1369 660 1436 testibus
682 1381 746 1435 stet
767 1390 864 1434 omne
883 1369 1014 1434 verbum
1036 1367 1151 1433 deien-

117 1478 217 1544 sionis
231 1477 313 1567 ejus.
350 1479 477 1546 Iudicat
491 1502 571 1567 ergo
586 1479 664 1568 quid
678 1479 719 1545 de
734 1479 808 1545 Deo
826 1481 916 1544 Patre
930 1479 1154 1566 omnipotente
1169 1468 1172 1475 “

119 1588 254 1652 senserit
267 1586 299 1652 in
314 1585 364 1653 his
379 1584 455 1675 ipsis
470 1586 570 1668 libris,
583 1584 640 1676 qui
654 1610 751 1676 quum
767 1586 904 1652 maxime
925 1587 967 1651 ab
986 1599 1154 1654 accusato·

119 1697 209 1764 ribus
224 1697 434 1778 celebrantur,
449 1697 482 1762 id
497 1711 557 1780 est,
570 1698 629 1785 erpi
644 1700 752 1784 ἀρχῶν,
766 1697 908 1762 scribens
923 1693 1005 1762 haec.

527 1862 680 1944 CAPUT
702 1869 750 1933 II.

404 1978 456 2044 De
470 1978 537 2044 -Deo
553 1982 650 2047 Putre
663 1977 878 2064 omnipotente.

165 2085 379 2152 Osronuss.
404 2090 491 2174 (Lib.
503 2090 526 2154 i.
539 2089 594 2155 De
609 2088 745 2176 Princip.
759 2107 831 2176 cap.
841 2089 864 2153 i.
883 2108 973 2154 num.
993 2087 1035 2173 l.)
1062 2086 1156 2155 Omni

124 2193 406 2283 igitur—specie
419 2209 569 2265 constare.

168 2306 411 2372 ansmsus.
456 2309 539 2372 Haec
560 2307 595 2373 in
615 2307 721 2395 primo
742 2307 826 2374 libro
846 2306 906 2394 περὶ
928 2306 1026 2394 ἀρχῶν
1042 2302 1159 2385 ,scribit

122 2409 164 2475 de
177 2412 294 2480 Divina
307 2429 430 2482 natura.
475 2419 513 2481 ln
528 2417 671 2483 secundo
690 2439 776 2496 vero,
798 2416 874 2504 quia
896 2415 984 2480 idem
997 2417 1090 2482 Deus
1105 2436 1160 2482 ve·

123 2523 200 2588 teris
212 2536 247 2590 et
261 2525 334 2589 novi
348 2525 545 2592 Testamenti
560 2527 614 2606 sit,
634 2527 697 2593 hoo
718 2527 819 2592 modo
838 2527 951 2618 refert..
1031 2564 1033 2568 ·

169 2633 383 2700 Omssuss.
407 2635 503 2723 (Cap.
519 2635 558 2701 iv.
574 2659 664 2723 num.
682 2639 724 2720 1.)
749 2635 811 2701 His
824 2649 881 2721 per
895 2632 1160 2723 ordinem--ff

120 2742 333 2829 praebitorem.
434 2735 436 2739 ¹

170 2857 411 2920 Pnssnnrsus.
448 2857 524 2921 Post
539 2854 610 2920 haee
628 2853 659 2919 in
682 2854 952 2941 consequentibns
972 2852 1085 2918 multis
1105 2873 1159 2919 ar·
1217 2912 1220 2917 .
1305 2897 1308 2903 -

122 2963 289 3052 gumentis
303 2976 399 3052 atque
412 2964 566 3051 exemplis
580 2960 817 3051 Scripturarum
830 2963 1003 3042 affirmans,
1018 2953 1160 3042 ostendit

125 3073 278 3160 quoniam
291 3096 375 3138 unus
389 3087 423 3138 et
437 3073 523 3138 idem
538 3074 640 3154 Deus,
653 3074 745 3138 Deus
761 3086 812 3151 est
824 3073 934 3159 Legis,
945 3084 978 3138 et
992 3071 1162 3158 Evangeli-

127 3205 234 3263 orum,
247 3194 282 3247 et
296 3182 538 3269 Prophetarum,
551 3195 585 3249 et
597 3181 843 3268 Apostolorum,
859 3180 969 3268 justus
992 3194 1027 3244 et
1043 3180 1162 3262 bonus,

128 3291 300 3357 visibilium
313 3305 347 3356 et
360 3291 566 3356 invisibilium
586 3313 623 3356 ac
644 3286 744 3355 totius
763 3287 974 3355 universitatis
988 3280 1162 3355 Dominus.

127 3401 306 3488 Quomodo
320 3421 399 3486 ergo
415 3399 548 3464 senserit
563 3399 603 3464 de
617 3399 692 3463 Deo
707 3399 810 3474 Patre,
824 3419 863 3462 ex
876 3396 1011 3503 hiffjus
1027 3397 1163 3484 Scriptis

127 3533 202 3599 quse
229 3533 325 3598 snpra
352 3509 572 3597 exposuimus,
597 3507 722 3573 claruit.
765 3490 950 3575 Videamus¹
968 3527 1046 3594 ergo
1076 3527 1162 3573 nuuc

127 3618 264 3709 qualiter
279 3619 366 3685 etde
380 3620 444 3684 Dei
459 3612 540 3684 Filio
554 3613 699 3684 disserat.
758 3606 760 3610 ¹
866 3609 869 3614 ’
897 3610 900 3615 ’

528 3783 681 3854 CAPUT
701 3785 767 3852 ΙΙΙ.
810 3774 814 3782 ’

368 3946 370 3950 »
460 3896 512 3964 De
526 3898 655 3964 Deitute
670 3895 745 3962 Filii
760 3893 835 3961 Dei.

172 4009 390 4075 Oarosnss.
414 4007 500 4091 (Lib.
512 4008 545 4073 ii.
561 4007 615 4073 De
629 4004 766 4092 Princip.
780 4024 852 4090 cap.
865 4001 906 4068 vi.
921 4025 1010 4070 num.
1027 4004 1067 4084 1.)
1081 4010 1084 4014 ’
1101 4002 1164 4068 Pro
1183 3994 1184 3998 ’

132 4117 498 4204 viribus-pertinent.
1151 4140 1154 4145 ·

541 4240 757 4290 vMet.aviii.16.
787 4243 789 4247 ’
