2684 4740
217 325 280 393 234
318 302 557 372 sacurem
579 308 635 372 nr
656 292 864 375 usurus
883 276 1173 378 orsrurnrro.

215 485 365 554 tractans,
378 475 548 556 inserebat,
563 479 702 564 eoquod
717 480 768 543 lex
781 480 850 566 ipsa
865 493 1035 566 peccatum
1057 483 1110 560 sit,
1133 482 1167 547 in
1183 482 1258 569 qui·

213 585 275 649 bus
291 584 451 670 simplices
465 585 598 672 quique,
613 587 739 652 dicente
754 610 806 668 eo,
819 590 1030 654 movebantur
1038 614 1048 669 3
1071 589 1084 622 ⁸
1105 601 1140 654 et
1153 612 1259 676 usque

215 694 254 758 ad
266 696 423 759 Joannem
439 695 538 780 igitur
553 696 659 761 aiebat
673 697 736 775 lex,
751 709 786 761 et
802 698 986 784 Prophetae:
1012 698 1134 762 Aiebat
1144 710 1257 764 autem

213 805 370 869 Joannem
385 811 521 890 regnum
537 806 690 871 caelorum
703 807 876 893 praedicare
885 831 895 887 3
915 804 1007 871 snam
1022 821 1055 872 et
1066 831 1123 894 per
1134 809 1258 874 abscis-

213 903 336 976 sionem
350 913 461 998 capitis
475 914 544 1001 ejus
557 914 620 979 hoc
636 937 704 979 esse
717 915 904 994 indicatum,
916 916 1005 1002 quod
1017 916 1170 981 omnibus
1186 918 1255 1004 pri-

212 1020 322 1085 oribus
345 1035 379 1086 et
399 1024 615 1108 superioribus
638 1023 708 1109 ejus
731 1025 891 1104 abscissis,
908 1025 1084 1110 posteriora
1099 1024 1170 1089 sola
1185 1047 1255 1089 ser-

212 1130 315 1195 vanda
339 1132 413 1195 sint.
458 1132 513 1195 Ad
537 1131 608 1195 haec
630 1132 731 1217 igitur
754 1132 860 1211 nobis,
884 1154 904 1197 o
927 1132 1169 1218 religiosissime
1186 1133 1256 1198 Ar-

211 1239 334 1319 chelae,
357 1241 467 1327 paucis
487 1241 647 1320 rescribe3
670 1241 777 1306 audivi
791 1242 876 1305 enim
893 1262 959 1304 non
973 1240 1178 1307 mediocriter
1193 1242 1256 1307 tibi

212 1369 281 1413 esse
307 1349 339 1411 in
365 1349 481 1413 talibus
508 1348 670 1429 studium3
694 1350 759 1414 Dei
783 1350 868 1413 enim
895 1349 1017 1415 donum
1044 1364 1103 1429 est,
1129 1350 1256 1415 idcirco

213 1456 302 1544 quod
324 1456 442 1541 dignis,
471 1470 503 1521 et
530 1457 641 1521 amicis
665 1457 742 1535 suis,
768 1456 892 1542 sibique
916 1457 1074 1543 propositi
1096 1458 1257 1522 societate

139 1647 143 1654 ,
212 1566 404 1654 conjunctis,
419 1569 510 1632 Deus
526 1567 626 1630 donat
647 1565 718 1630 haec
739 1576 881 1631 munera.
924 1568 1085 1631 Nostrum
1094 1565 1189 1630 ‘enirn
1204 1578 1257 1631 est

211 1674 426 1760 propositum,
443 1687 656 1761 tpraeparare,
671 1687 706 1737 et
719 1673 884 1758 proximos
900 1673 967 1737 fieri
981 1673 1131 1758 benignae
1146 1694 1188 1738 ac
1203 1673 1257 1737 di·

209 1785 268 1849 viti
283 1785 395 1863 menti,
410 1797 444 1848 et
458 1784 612 1848 continuo
627 1783 668 1846 ab
684 1804 723 1846 ea
737 1783 919 1867 largissima
933 1798 1065 1848 munera
1078 1784 1256 1871 consequi-

210 1915 294 1958 mur.
338 1894 502 1980 Quoniam
518 1914 598 1978 ergo
613 1893 645 1956 in
661 1893 699 1956 iis
716 1904 791 1957 voto
803 1904 836 1956 et
851 1894 1016 1979 proposito
1029 1915 1103 1958 meo
1123 1903 1254 1959 sermo-

209 2005 259 2068 nis
273 2026 337 2068 non
353 2003 470 2066 sufficit
490 2001 629 2066 eruditio
655 2000 803 2085 (idiotam
826 2002 912 2064 enirn
928 2025 981 2066 me
995 2012 1064 2066 esse
1079 2003 1253 2086 confiteor)

210 2113 251 2178 ad
266 2125 298 2177 te
313 2112 398 2190 misi,
412 2111 495 2174 sicut
510 2111 625 2195 saepius
641 2110 718 2188 dixi,
732 2110 920 2195 quaestionis
935 2111 1032 2198 hujus
1052 2112 1251 2177 solutionem

209 2220 427 2309 plenissimam
443 2231 640 2304 recepturus.
685 2220 861 2283 Incolumis
885 2220 965 2284 mibi
988 2233 1068 2300 esto,
1091 2223 1186 2286 Pater
1199 2222 1253 2286 iu·

207 2329 446 2416 comparabilis,
460 2340 494 2393 et
507 2327 715 2391 honorabilis.

252 2441 343 2503 XLI.
366 2440 512 2523 Accepta
541 2435 601 2498 hac
628 2434 764 2520 epistola
791 2435 972 2503 Archelaus
997 2439 1175 2503 admiratus
1200 2453 1252 2506 est

209 2549 351 2617 hominis
364 2546 528 2616 audaciam
541 2571 550 2624 3
574 2544 630 2609 sed
645 2544 771 2611 interim
786 2545 925 2610 Diodori
946 2548 1194 2633 allegationibus
1210 2563 1251 2615 ut

207 2681 258 2727 res
282 2658 438 2723 suadebat
460 2636 599 2720 celererri
621 2653 696 2719 dare
721 2675 923 2738 responsum,
945 2658 1100 2722 continuo
1119 2657 1251 2744 scripsit

207 2769 270 2833 hoc
285 2767 394 2832 modo.
989 2770 992 2778 '

231 3005 583 3080 nARCHELAUS
610 3007 856 3080 DIODORO
884 3009 1231 3083 PRESBYTERO

278 3129 281 3133 ’
464 3128 971 3213 FILIOHONORABILI

645 3247 797 3312 Salutem.
848 3268 850 3273 ·

245 3385 437 3450 Accurrrs
455 3382 553 3446 literis
569 3381 644 3460 tuis,
660 3380 750 3443 valde
768 3380 896 3465 gavisus
912 3403 996 3460 surn,
1011 3380 1248 3445 Dilectissime.

205 3495 353 3583 Cognovi
369 3508 489 3572 autem,
504 3492 592 3579 quod
614 3492 659 3557 vir
679 3492 751 3571 iste,
774 3493 829 3577 qui
851 3505 925 3556 ante
948 3493 1008 3557 hos
1029 3494 1097 3558 dies
1119 3495 1162 3559 ad
1189 3517 1247 3560 me

260 3703 290 3748 ln
301 3699 435 3758 Casinensi,
444 3714 495 3744 nam
506 3707 527 3743 et
538 3696 695 3754 abscissionem,
704 3696 803 3754 omissa,
816 3704 844 3743 ut
852 3705 926 3757 patet,
937 3696 1102 3758 praepositione
1109 3705 1161 3757 per.
1197 3697 1247 3745 Sed

202 3791 225 3828 et
236 3781 282 3842 legi
294 3789 380 3841 potest,
391 3777 525 3824 abscissione.

236 3861 294 3907 8111
305 3860 428 3907 eastnensi
445 3860 527 3906 codice
544 3857 640 3918 legitur,
653 3865 785 3917 prepararet
796 3856 911 3916 proximus
919 3855 978 3917 fieri
994 3855 1094 3916 benigna
1110 3855 1154 3902 dae
1169 3855 1247 3903 diviti

200 3941 277 3988 menti.
310 3942 339 3987 Et
351 3941 422 3996 infra,
436 3939 530 3984 idiotam
541 3955 574 3983 me
586 3954 628 3984 esse
639 3937 746 3998 corrfitcor.
780 3937 826 3984 Sed
835 3938 868 3984 ita
879 3938 1061 3984 emendandum
1071 3951 1133 3996 esse,
1145 3937 1181 3984 uti
1192 3938 1247 3986 edi·

201 4034 257 4072 turn
268 4030 312 4081 est,
325 4036 408 4080 nemo,
418 4029 445 4067 ut
456 4021 564 4078 arbitror,
575 4019 668 4065 inficias
679 4019 755 4064 iverit.

233 4102 247 4142 h
262 4102 334 4151 Hanc
347 4100 456 4150 Archelai
468 4098 604 4164 epistolam,
616 4112 676 4146 curn
686 4097 888 4159 subsequentibus
900 4099 1026 4148 nonnullis
1037 4100 1156 4162 usquead
1167 4110 1246 4164 caput

636 4205 648 4239 ⁸
663 4210 726 4261 Joan
738 4211 753 4258 i.
765 4221 806 4263 aa
