2684 4740
533 278 558 389 [-
601 287 639 361 iii
690 278 709 389 ]

88 461 325 552 elesiastieus¹
339 463 378 541 et
400 493 545 543 summe
567 465 781 554 catholicus,
799 452 937 560 quique
956 455 1138 534 'nonnulla

90 605 179 666 ante
193 589 375 692 synodum
395 593 590 665 Nicaenam
608 590 753 688 scripsit
767 589 805 660 in
820 577 964 675 Arium,
978 599 1103 660 tamen
1116 613 1137 660 s

91 740 251 805 numero
265 717 398 789 horum
417 712 701 788 Ante-Nicaenae
721 712 805 785 fidei
827 703 977 784 testium
1000 710 1139 783 idcirco

16 885 21 893 ·
89 839 333 913 eximendum
351 840 571 928 esse'statui,
588 837 688 935 quod
703 838 744 916 ¹in
765 839 834 909 hoe
851 834 1019 923 concilio,
1032 835 1137 930 cujus

91 965 174 1062 ipse
192 989 274 1061 pars
294 990 427 1062 magna
442 964 525 1052 fuit,
544 962 678 1034 sederit
689 960 755 1032 'ille
773 957 993 1031 Alexander.
1038 957 1140 1030 Male

93 1113 182 1160 vero
210 1115 232 1160 a
258 1091 317 1160 me
347 1086 463 1158 fateor
493 1084 627 1157 omissa
648 1079 734 1155 'esse
767 1080 920 1153 Macarii
952 1078 1139 1177 Magnetis

91 1210 314 1309 fragmenta,
337 1211 367 1283 si
395 1225 480 1284 ante
504 1211 687 1311 synodum
714 1209 846 1282 vixerit
871 1197 1140 1280 vetustissimus

93 1346 244 1418 auct0r;
273 1333 335 1406 sed
354 1361 396 1406 ea
416 1335 505 1407 mihi
525 1335 708 1407 insederat
725 1330 861 1431 opinio,
881 1358 963 1428 quae
982 1330 1141 1429 Magne-

93 1469 172 1528 tem
192 1457 432 1556 scriptoribus
451 1457 600 1530 ineertae
619 1457 736 1530 aetatis
755 1455 943 1528 adstruit².
1081 1453 1083 1461 ⁴

10 1572 12 1579 ¹
93 1658 103 1673 ⁶
148 1579 417 1675 Caetera„quae
444 1596 490 1652 ex
520 1579 724 1653 abundanti
754 1578 918 1676 apposui,
944 1600 1141 1648 numerum

93 1702 386 1802 fragmentorum
415 1704 603 1802 Dionysii
617 1701 873 1789 Alexandrini,
896 1714 933 1772 et
957 1728 994 1773 re
1017 1713 1054 1772 et
1076 1726 1143 1773 uo·-

95 1824 200 1897 mine
218 1828 356 1924 magni,
372 1827 445 1900 fere
463 1829 626 1926 explent,
642 1824 670 1898 si
688 1820 811 1897 mittas
826 1820 997 1919 reliquias
1011 1823 1088 1918 ejus
1103 1824 1142 1896 in

93 1946 250 2020 Euseliii
266 1950 439 2021 Historia
454 1945 644 2021 extantes.¹
685 1949 886 2037 Postremo,
905 1959 947 2018 ut
963 1947 1144 2044 promisso

94 2084 237 2144 servato
268 2099 350 2145 meo
379 2073 526 2164 Indices
555 2072 787 2160 necessarios,
805 2074 873 2142 'aut
899 2083 996 2141 certe
1023 2052 1143 2157 utiles,

44 2219 47 2222 ’
95 2194 257 2292 digestos
293 2196 479 2282 collocavi,
516 2197 568 2268 sic
606 2193 837 2267 commodius
869 2193 939 2264 hoc
974 2205 1073 2265 ratus
1104 2192 1144 2266 in

98 2343 215 2389 unum
235 2317 401 2390 redactos
419 2319 565 2391 eosdem
585 2319 755 2416 praestiti.

147 2443 340 2542 Expositis
364 2411 450 2535 iero
476 2445 537 2538 iis,
558 2468 641 2541 quae
666 2443 711 2517 ad
738 2444 808 2515 hoc
831 2438 1020 2541 pertinent
1041 2438 1145 2514 volu-

97 2593 199 2656 men,
222 2567 301 2662 jam
328 2594 449 2664 porro,
479 2595 525 2642 ne
552 2569 695 2639 occasio
721 2564 916 2638 commoda
942 2563 1147 2653 omittatur,
1179 2565 1186 2584 ‘

96 2690 257 2762 libenter
275 2690 313 2763 id
338 2690 505 2780 referam,
525 2691 671 2779 Lector,
691 2687 790 2784 quod
809 2688 847 2759 in
866 2687 938 2759 alia
956 2713 993 2758 re
1009 2686 1143 2760 evenit.

97 2812 302 2908 Postquam
320 2813 428 2907 hujus
445 2814 565 2912 operis
583 2814 680 2885 edidi
699 2813 869 2885 volumen
890 2811 1052 2901 tertium,
1066 2807 1147 2910 pere'

96 2934 203 3006 venit
224 2935 270 3007 ad
297 2961 429 3007 manus
454 2962 553 3008 meas
579 2937 672 3009 liber
693 2961 739 3007 ex
761 2935 957 3007 Germania
985 2935 1149 3008 recenter

98 3055 286 3147 advectus,
305 3083 378 3152 quo
404 3072 612 3156 conspecto,
631 3061 724 3130 bene
745 3071 833 3146 erat,
858 3058 916 3129 me
941 3083 1059 3129 meam
1085 3058 1150 3130 de·
1238 3038 1241 3039 ⁷

98 3181 328 3278 prehendere
345 3183 496 3254 canonis
515 3181 648 3255 decimi
668 3182 764 3253 tertii
779 3180 968 3278 Ancyrani
989 3179 1147 3252 Concilii

98 3303 368 3400 expositionem
395 3305 468 3377 fide
491 3332 533 3377 ac
550 3305 694 3400 judicio
716 3304 879 3377 ecclesia
899 3305 1039 3376 Graecae
1060 3331 1148 3377 con·

98 3430 300 3504 firmatam.
340 3432 442 3504 Nam
461 3432 499 3503 in
519 3432 586 3502 hac
605 3433 786 3527 Συναγωγῇ,
806 3441 915 3524 atque
932 3430 1150 3526 interpreta-

97 3551 216 3640 tione,
236 3551 431 3626 Canonum
451 3552 627 3626 Ecclesiae
647 3551 927 3641 Universorum,
948 3577 1030 3647 quae
1051 3550 1160 3625 dicta

99 3672 255 3745 nomine
270 3674 462 3748 Pedalium
480 3684 542 3747 s'eu
568 3674 870 3763 Gubernaculam,
890 3689 967 3747 turn
993 3673 1151 3750 auctori·

99 3806 179 3867 tate
194 3795 409 3869 Graecorum
423 3799 637 3896 praesulum,
650 3810 687 3869 et
705 3799 865 3870 maxime
879 3798 1056 3896 impensis
1071 3826 1150 3874 mo·

142 4000 154 4028 ¹¹
174 3991 299 4069 Jamque
312 3995 510 4064 incertiorem,
527 3994 557 4050 ni
570 3993 668 4062 fallor,
683 4013 742 4050 rem
757 3994 827 4050 fecit
840 3994 988 4070 Magnetis
1003 3995 1148 4070 fragmen·

99 4099 175 4185 tum,
187 4091 265 4167 quod
276 4089 398 4168 protulit
410 4093 511 4170 Steph.
524 4092 648 4149 Gradius
660 4093 690 4148 in
701 4091 835 4169 Epistola
846 4112 863 4149 a
874 4091 910 4151 cl.
922 4092 1061 4150 Morellio
1072 4086 1163 4154 edita

97 4196 170 4263 post
182 4188 269 4246 Codd.
280 4190 368 4249 MSS.
377 4190 443 4249 Lar.
453 4190 585 4249 Bibliotla
595 4190 731 4247 Noniano
740 4189 861 4249 Relatos.
876 4189 979 4248 Venet.
992 4189 1151 4256 1776.4ῖε>,7

602 4303 623 4347 a
636 4296 658 4346 2
