2684 4740
357 298 633 371 concruuu
653 298 957 380 Asmrmss
982 297 1010 363 1.
1163 295 1202 389 ιι,

211 473 410 553 Caecilianus,
424 471 610 552 Faustinus,
623 470 829 557 surgentius,
839 469 1032 557 Gregorius,
1044 467 1201 559 Reticius,

206 581 427 661 Ambitausua,
447 580 668 660 bTermatius,
690 579 865 667 Merocles,
890 577 1023 657 Pardus,
1042 575 1201 659 Adelfius,
1227 652 1232 659 ¹

203 691 414 774 ‘ffiberniun
428 691 635 770 Fortunatus,
649 688 866 772 “Aristasius
882 687 1092 776 lampadius,
1106 687 1201 779 Vita·

122 884 127 895 .
200 801 252 881 lb,
261 801 448 881 Maternus,
460 800 621 879 liberius,
633 799 826 886 Gregorius,
837 797 1008 879 Crescens,
1019 797 1201 890 Avitianus,

196 910 338 992 Dolum,
365 911 552 992 Orienmlis,
579 909 784 1000 Quintasius,
805 909 931 990 Victor,
960 907 1201 997 Epictemsin

196 1020 346 1086 Domino
359 1034 514 1087 aeternnm
528 1019 677 1084 salntem.

198 1127 401 1196 Οοιιιιιιιιι
424 1129 542 1218 copula
563 1128 704 1195 carimtis
723 1141 757 1192 et
777 1126 902 1191 unitate
923 1125 1035 1190 matris
1055 1122 1201 1189 ecclesias

147 1237 328 1305 catbdicae
346 1238 475 1305 vinculo
492 1238 697 1317 inherentes,
712 1234 757 1302 ad
775 1235 1016 1301 Arelatensium
1038 1234 1201 1301 civitatem

151 1345 294 1433 piissimi
307 1348 516 1436 Imperatoris
530 1347 695 1412 voluntate
711 1344 855 1425 adducti,
866 1345 942 1410 inde
956 1360 1001 1426 te,
1014 1344 1203 1432 ‘gloriosis-

151 1458 239 1523 sime
255 1459 352 1545 Papa,
366 1458 558 1524 commerita
580 1457 754 1539 reverentia
772 1455 963 1520 salutamus.
1007 1456 1077 1520 Ubi
1091 1477 1205 1542 graves

145 1587 195 1645 ac
215 1568 414 1654 perniciosos
435 1567 503 1654 legi
524 1579 644 1633 nostrae
664 1579 764 1653 atque
784 1563 960 1645 traditioni,
976 1565 1204 1652 effrenatasque

152 1675 274 1738 mentis
293 1674 442 1739 homines
462 1675 677 1761 pertulimusr
699 1696 782 1762 quos
802 1686 838 1739 et
855 1673 924 1739 Dei
941 1671 1042 1751 nostri
1062 1692 1204 1759 praesens

153 1783 344 1863 auctoritas,
369 1796 403 1849 et
427 1783 560 1849 traditio
583 1805 622 1848 ac
648 1783 761 1870 regula
781 1782 921 1848 veritatis
945 1783 991 1846 ita
1011 1778 1145 1866 respuit,
1165 1793 1204 1844 ut

153 1894 245 1969 nulla
261 1893 379 1960 inillis
399 1907 458 1961 aut
476 1895 607 1961 dicendi
626 1896 710 1961 ratio
730 1895 932 1977 subsisteret,
951 1907 1010 1959 aut
1029 1888 1203 1981 accusandi

154 2002 273 2068 modus
291 2003 389 2083 ullus,
404 2017 462 2069 aut
482 2004 633 2090 probatio
652 2004 851 2069 conveniret
895 2001 977 2068 Iden
992 2000 1106 2090 judice
1127 2001 1203 2075 Deo

153 2126 189 2176 et
202 2125 308 2176 matre
322 2111 469 2191 ecclesia,
484 2135 558 2200 quae
572 2135 650 2177 suos
665 2112 755 2176 novit
768 2127 802 2177 et
818 2112 1020 2198 comprobat,
1036 2126 1093 2176 aut
1107 2111 1202 2175 dam·

154 2220 224 2300 nati
242 2235 332 2301 sunt,
345 2235 404 2289 aut
414 2222 551 2310 ¹repulsi.
594 2223 640 2287 Et
660 2222 796 2310 utinam,
812 2223 910 2287 frater
925 2221 1145 2301 dilectissime,
1160 2219 1202 2286 ad

155 2330 220 2395 hoc
234 2343 362 2397 tantum
379 2333 601 2420 spectaculum
614 2333 768 2401 interesse
780 2335 863 2401 tanti
875 2335 1020 2409 fecisses.
1054 2335 1203 2400 Profecto

154 2438 330 2520 credimus,
344 2441 421 2530 quia
435 2442 468 2506 in
482 2465 541 2508 eos
554 2443 693 2525 severior
707 2444 819 2520 fuisset
832 2445 992 2511 sententia
1004 2446 1150 2532 prolata:
1170 2459 1205 2510 et

155 2564 189 2615 te
201 2550 328 2636 pariter
347 2550 524 2631 nobiscum·
535 2551 717 2639 judicante,
731 2565 962 2633 cretus-noster
976 2552 1102 2639 majore
1118 2551 1204 2617 leti·

155 2657 202 2722 tia
214 2658 401 2725 exultasset.
445 2660 511 2725 Sed
526 2661 682 2748 quoniam
697 2662 847 2727 recedere
863 2662 1046 2748 apartibus
1060 2663 1123 2727 illis
1137 2663 1201 2747 mi·

155 2766 244 2830 nime
266 2768 411 2853 potuisti,
432 2769 467 2834 in
486 2770 605 2857 quibus
627 2784 661 2836 et
677 2770 833 2857 Apostoli
854 2770 1002 2857 quotidie
1023 2770 1147 2852 sedent,
1167 2784 1202 2838 et

146 2896 253 2943 eruor
277 2876 422 2963 ipsorum
450 2878 520 2949 sine
542 2878 780 2961 intermissione
802 2878 869 2945 Dei
890 2879 1031 2966 gloriam
1050 2892 1201 2947 testatur.

150 2990 235 3116 Nou
247 3002 359 3071 nmen
371 2988 444 3070 base
456 2989 528 3061 sola
547 2990 689 3055 nobis'
662 3012 728 3054 vasa
746 3005 823 3055 sunt
842 2989 1019 3081 tractanda,
1034 2991 1131 3063 frater
1144 3014 1201 3057 ca·

143 3160 148 3165 .
151 3098 291 3181 ursinis,
151 3097 444 3186 numerique
459 3099 658 3173 Summus
647 3097 784 3165 mvitati.
827 3097 893 3175 Sed
911 3113 947 3164 et
958 3099 1201 3191 consulendum

150 3170 328 3303 nobisipsis
348 3211 556 3277 censuimus.
580 3227 614 3277 et
633 3231 711 3275 cnm
732 3209 865 3275 diversae
882 3209 949 3297 sint
969 3212 1141 3296 provinciae
1159 3233 1201 3283 ex

140 3320 284 3410 :quibos
279 3320 511 3401 -ιᾶνοιιίιιιιιιι,
502 3336 547 3389 ita
558 3334 595 3395 et
606 3319 693 3389 varia
705 3319 916 3404 contingunt,
923 3340 998 3405 que
1013 3341 1072 3384 nos
1086 3341 1200 3403 oense.—

141 3445 241 3505 w
245 3433 444 3508 ohram
442 3431 580 3499 --debere
623 3431 754 3497 Placuit
776 3450 870 3514 ergo,
887 3441 1051 3514 presente
1077 3429 1201 3517 Sprntu

150 3553 268 3605 sancto
281 3554 316 3606 et
329 3539 498 3627 angelis'
469 3562 554 3628 ejus,
567 3551 605 3604 ut
618 3552 653 3603 et
666 3538 717 3602 his
738 3537 794 3624 qui
816 3536 963 3624 singulos
978 3560 1132 3624 quos...

153 3694 258 3714 .....
266 3647 281 3694 ἲ
292 3647 444 3713 movebat
461 3647 610 3735 judicare
625 3647 843 3735 molestemus
857 3646 899 3711 de
913 3646 1023 3734 quiete
1037 3586 1199 3733 presenti.

151 3755 281 3825 emur
292 3757 406 3836 es'am,
420 3779 441 3821 a
454 3756 560 3844 ¹teqni
572 3755 713 3844 majores
726 3754 883 3831 dioeeeaes
899 3765 1074 3842 tenes,per
1086 3768 1122 3821 te
1134 3777 1198 3844 po·

150 3866 316 3933 tissimum
331 3866 485 3932 omnibus
500 3865 665 3937 insinuari.
698 3862 788 3952 Quid
802 3877 912 3929 autem
927 3862 969 3928 sit
984 3864 1074 3950 quod
1090 3885 1198 3931 sense·

184 4065 456 4121 warmatia..
511 4068 718 4133 efflaturus.
783 4064 1029 4129 ‘praesummas
1092 4063 1198 4114 enre-

146 4149 314 4212 tumn·
412 4145 1196 4214 ‘reu⁸·o1⁵m·r·³urisae÷s.u³1m.vvem.·m

645 4277 705 4372 ἀι
