2684 4740
267 300 333 371 ,ΙΝ
352 301 387 367 S.
402 300 616 368 DIONYSII
639 301 754 367 LIBB.
773 300 837 366 DE
858 299 1063 367 NATURA.
1127 312 1198 388 375*

142 469 459 559 post.MS.⁴exhibet
473 471 610 538 ὑτίέοολευ
624 477 707 552 αὐτὴν
726 494 786 560 pro
805 468 962 537 ὑτέέοιλλου
979 477 1088 553 ἑαυτὴν,
1101 471 1192 560 quod

144 556 280 647 quidem
294 556 429 624 ύτίὲοολυ
443 560 560 647 recepi.
1195 602 1199 607 -

191 645 227 708 Ρ.
237 657 309 724 349.
323 644 346 709 l.
357 659 389 710 ³.
410 644 544 732 ἑκατέρας
558 644 721 729 corradum
736 644 857 754 arripior]
873 645 957 710 Haec
972 644 1089 711 mutila
1102 655 1190 710 sunt.

144 729 232 816 Legi
245 744 354 817 queat,
371 736 408 806 εἷς
421 733 468 795 τὸν
483 729 616 817 ἑκατέροις
632 731 693 796 bec.
707 738 841 817 ἑκατερας
854 743 977 809 autem,
992 756 1054 806 νοτυς
1069 729 1192 795 seilicet

144 828 181 881 et
195 815 316 899 Mas·
338 817 533 882 Vrouaus.
568 818 659 884 Quid
675 816 702 882 si
717 817 844 903 legatur
856 815 986 904 ἑκάτερα,
1001 817 1034 881 h.
1046 839 1075 881 e.
1091 816 1196 903 ligna,¹

146 924 224 988 quae
240 903 284 967 ad
302 916 493 1053 ntrumarpue,
513 916 547 969 et
565 926 677 968 navem
698 917 732 969 et
753 901 948 984 vehiculum,
966 903 1140 990 pertinent,
1155 913 1194 968 ut

147 985 256 1077 nigror
276 989 405 1054 adverbi
437 991 497 1055 iter
519 989 731 1054 adhibeatur?
770 989 829 1053 Ait
854 1004 968 1053 auctor
989 989 1072 1065 infra
1097 986 1196 1054 simili
1311 1036 1316 1043 .

147 1072 183 1138 in
202 1095 314 1155 cauea,
332 1077 380 1139 nal
403 1073 495 1149 ἐ’καςοι
515 1075 645 1164 συμφέρει
666 1078 742 1141 κατὰ
761 1079 810 1154 τὴν
831 1075 983 1154 οἰκειότητα
1001 1075 1074 1163 πρὸς
1092 1074 1195 1150 iccirco

148 1165 252 1242 φαῢσιυ
266 1161 363 1248 ἀςέρος
377 1182 409 1246 p.
421 1176 492 1226 352.
509 1162 533 1226 l.
545 1169 576 1227 6.

195 1246 281 1311 Ibid.
298 1246 320 1311 l.
332 1264 363 1326 9.
385 1247 531 1335 dpdrooar
552 1253 610 1334 γὰρ
631 1251 682 1323 τοὶς
704 1245 841 1324 ἀθεάτους
863 1246 973 1330 ἐκεῖνοι]
988 1246 1108 1333 Neque
1125 1243 1205 1311 haec-

149 1330 230 1396 setis
243 1347 343 1397 casta.
376 1335 461 1422 Quae
474 1334 560 1399 enim
575 1334 639 1398 illae
653 1346 729 1398 sunt
744 1333 871 1412 ἀθέατοι,
887 1356 966 1420 quas
980 1333 1105 1411 videre;
1122 1349 1197 1418 qu'ae

150 1438 251 1502 porro
265 1419 385 1499 ἀνόητοι,
400 1442 480 1506 quas
493 1421 639 1506 cogitare
654 1419 772 1506 jubet?
804 1420 860 1484 An
879 1421 963 1484 forte
986 1417 1200 1504 subintelligit

151 1502 266 1578 φύσαςῗ
297 1506 388 1570 Esto.
413 1506 471 1592 qui
491 1506 607 1571 deinde
625 1505 854 1571 sententiarum
877 1505 1011 1571 istarum
1032 1525 1131 1569 nexus
1149 1515 1200 1568 est

152 1588 305 1656 futurus?
343 1590 440 1657 Alter
455 1591 586 1678 quidem
609 1614 648 1656 ex
666 1592 765 1656 MSS.
784 1613 842 1676 pro
858 1589 994 1664 ἀθεάτους
1007 1588 1124 1664 &Strong
1139 1588 1199 1654 ha·

152 1675 230 1739 bet:
261 1676 348 1741 unde
364 1699 477 1742 sensus
492 1678 545 1742 hic
559 1678 632 1744 elici
647 1676 760 1764 possit,
774 1693 812 1742 ut
826 1699 883 1741 eos
899 1676 1016 1764 jube'at
1030 1677 1201 1761 incompo-

153 1759 232 1825 sitas
247 1761 329 1843 illas,
344 1776 377 1827 et
392 1765 517 1842 ἀνοήτους
536 1765 568 1829 h.
581 1786 609 1828 e.
632 1763 766 1828 stolidas
786 1776 914 1827 atomos
935 1762 1122 1850 diligentius
1143 1782 1199 1826 ex·

152 1845 308 1932 pendere,
321 1871 386 1914 non
401 1851 533 1937 segnius
547 1864 581 1916 et
594 1849 701 1915 obiter
714 1850 846 1927 intueri;
862 1849 951 1936 quod
965 1850 1023 1914 abs
1039 1868 1119 1914 sese
1133 1847 1201 1912 fac-

154 1947 227 2008 turn
249 1933 355 1999 David
376 1936 454 2000 olim
477 1937 639 2001 fatebatur
658 1936 694 2000 in
712 1935 761 2000 sui
782 1935 880 2020 ipsius
895 1935 1003 2000 adbuc
1018 1933 1201 2022 imperfecti

154 2017 355 2104 cogitatione
370 2021 595 2087 informanda:
641 2044 685 2085 uo
705 2020 830 2086 facilius
852 2012 1045 2108 intelligant,
1061 2044 1100 2086 ex
1114 2032 1206 2085 tanta

154 2103 284 2171 illarum
307 2109 558 2192 perturbatione,
580 2046 764 2174 ordinatum
792 2107 996 2194 politumque
1020 2107 1100 2171 nihil
1121 2106 1205 2170 exis-

155 2204 225 2254 tere
251 2193 405 2277 potuisse.
428 2195 621 2259 Vsusnns.
666 2196 745 2257 Esse
767 2192 903 2268 ἀθεάτους
926 2194 1057 2280 quidem
1084 2191 1209 2274 ἀτόμους.

155 2274 211 2344 bic
224 2293 437 2357 memoratas,
459 2280 538 2367 quin
558 2293 702 2345 censeret
723 2279 893 2364 Epicurus,
914 2280 964 2344 vix
986 2277 1113 2358 dubito,
1132 2275 1202 2364 qui,

155 2361 314 2428 referente
327 2364 400 2451 ipso
414 2366 577 2452 Dionysio
592 2387 699 2451 supra,
712 2365 917 2442 ἀνεταοθήτους
933 2365 1009 2429 istas
1024 2364 1090 2443 εἶουυ
1104 2385 1203 2451 prop·

156 2460 207 2512 ter
231 2449 417 2534 parvitatem
439 2473 531 2516 suam
555 2451 681 2516 dixerit.
708 2449 784 2513 Vid.
800 2472 876 2536 pag.
890 2459 961 2516 346.
977 2451 1032 2516 lin.
1049 2466 1096 2514 15.
1133 2451 1203 2514 Ve-

105 2610 109 2621 .
155 2547 341 2600 rumtamen
365 2551 497 2623 propter
517 2536 714 2624 ἀκυτέργοοςου
739 2535 821 2600 illud
844 2559 920 2601 mox
945 2535 1092 2617 allatum,
1120 2558 1204 2623 quo-

157 2619 322 2686 cumbaec
337 2624 476 2687 conferri
489 2622 649 2703 videntur,
664 2621 751 2687 haud
767 2622 945 2708 spernenda
961 2624 1055 2687 nobis
1069 2636 1120 2689 est
1133 2620 1205 2686 ἀθέ-

157 2731 211 2778 τυς
225 2704 323 2772 lectio
338 2707 468 2774 alterius
483 2730 523 2775 ex
536 2709 644 2774 MStis
655 2708 781 2794 Vigeri.
804 2709 964 2773 Extiterat
978 2723 1133 2794 practerea
1145 2730 1206 2772 vox

159 2789 286 2867 εὐθέτους
307 2793 364 2858 lin.
382 2809 429 2859 14.
452 2817 485 2881 p.
499 2808 569 2860 346.
616 2797 742 2859 Interea
765 2815 846 2879 pene
868 2794 1102 2875 affirmaverim,
1124 2794 1207 2859 infra

158 2876 337 3028 leqendum
351 2901 421 2946 esse
435 2885 485 2945 οὐκ
500 2879 632 2963 ἀνομοίους
646 2902 705 2967 pro
718 2883 774 2965 οὐχ
789 2879 896 2962 ὁμοίως.

223 2963 290 3029 bid.
312 2965 336 3030 l.
359 2980 407 3031 12.
439 2969 471 3031 ri
498 2964 695 3054 ἀκατέςγαςὸυ
721 2991 771 3030 σου
797 2964 905 3031 sidocus
927 2973 952 3031 ol
977 2966 1120 3052 ὅφθαλμοί
1139 2964 1207 3052 σου]

160 3049 272 3115 locus
290 3051 379 3117 mihi
406 3052 538 3140 quidem
564 3052 790 3140 perobscurus.
841 3053 984 3118 Primum
1011 3068 1120 3120 tamen
1170 3074 1207 3117 ro

159 3133 264 3201 lena
281 3137 341 3221 (sic
359 3138 393 3203 in
412 3139 574 3225 prioribus
588 3138 765 3225 Vigeriana
778 3138 867 3222 edd.)
884 3139 1013 3226 legend.
1027 3139 1092 3220 tta,
1108 3075 1210 3204 veiti-

161 3223 220 3305 δύο,
231 3235 270 3288 ut
288 3225 377 3310 apud
396 3225 567 3312 Chrysost.
583 3238 616 3288 et
636 3223 727 3302 alios,
743 3240 841 3312 atque
861 3226 893 3290 in
915 3227 1067 3290 omnibus
1082 3246 1210 3310 graeco·

160 3328 236 3375 rum
258 3308 439 3376 Bibliorurn
463 3309 672 3376 editionibus.
716 3310 859 3388 Deinde,
886 3310 1032 3376 relictam
1055 3309 1142 3375 illam
1168 3311 1210 3374 ab

161 3394 289 3460 caeteris
304 3398 455 3462 omnibus
470 3398 640 3463 lectionem
658 3410 815 3482 sequutus
829 3411 889 3474 est,
901 3395 1098 3483 ἀκοτέςγαςόο
1111 3396 1213 3475 ra,'et

162 3481 310 3565 ὀφθαλμοί
325 3508 395 3548 nro.
441 3483 503 3547 llla
523 3483 608 3547 enirn
631 3482 784 3568 parapsidis
809 3487 899 3567 ἑαυτῷ
924 3482 1126 3583 significant,
1145 3504 1211 3546 non

163 3566 231 3634 Dei
248 3566 306 3632 sed
326 3568 460 3634 Davidis
480 3568 594 3633 oculos
615 3567 650 3632 id
669 3567 803 3632 vidisse:
826 3567 900 3649 hoc,
916 3589 1043 3652 oprnor,
1058 3591 1165 3649 sensu,
1180 3572 1212 3634 τὸ

162 3651 362 3739 maamad
382 3680 446 3731 σου,
468 3656 544 3719 Sto..
571 3653 722 3740 Quodam
744 3653 812 3717 tais-
833 3653 1214 3740 operibusimperfectum

163 3737 270 3804 adiaco
288 3751 319 3804 et
342 3740 520 3826 impolitam
540 3739 714 3820 videbatur,
738 3738 818 3804 oculi
841 3739 966 3805 tandem
991 3741 1053 3806 mei
1071 3741 1214 3827 pervide·

164 3831 265 3905 merl}
286 3826 343 3890 ubi
359 3827 507 3891 videlicet
525 3825 640 3926 majori
657 3825 714 3890 abs
730 3839 763 3890 te
776 3825 850 3889 luce
865 3827 987 3912 perfusi
1000 3828 1142 3915 caligare
1156 3828 1213 3893 de·

165 3910 301 3975 sierirnt.
330 3914 428 3977 'Haec
442 3913 484 3976 ad
496 3911 701 3998 aperiendam
717 3925 886 3998 utcunque
907 3913 1060 4001 Dionysii
1084 3926 1214 3979 senten·

160 3992 260 4063 'tim
306 3996 472 4063 Caeterum
495 3997 678 4062 communis
698 3997 878 4084 eademque
897 4000 1017 4065 certior
1037 4001 1135 4064 lectio
1155 4012 1216 4081 est,

163 4081 416 4169 xi'drnara‘pyardr
433 4110 501 4167 μου,
516 4083 593 4163 εἶδον,
608 4083 658 4147 vel
676 4081 741 4163 ἰ’δυν,
761 4089 786 4148 ot
806 4085 951 4168 ὀφθαλμοί
967 4112 1028 4150 σου.
1052 4100 1090 4149 ut
1109 4086 1214 4151 Hebr.

166 4182 242 4248 aar
266 4183 320 4232 rsa
343 4165 409 4239 aa
431 4191 491 4248 οιο,
513 4191 583 4234 cam
606 4167 707 4233 υυυυο
730 4179 869 4234 maram
892 4170 924 4234 in
946 4182 1033 4235 υιοοο
1055 4168 1217 4257 ἀμόρφους

164 4263 199 4321 et
222 4250 387 4322 tatanus
411 4254 543 4345 emdryo.
560 4254 843 4405 claususbteaerer,
868 4255 951 4320 oculi
976 4258 1024 4321 tui
1048 4254 1218 4324 clarissime

648 4363 670 4408 B
725 4354 746 4406 4
