2684 4740
163 304 240 389 ¹rra
276 301 514 398 arcannm
536 307 593 372 nr
613 304 821 374 Mnnnrrs
839 301 1131 377 orsrurnrrot
1230 310 1233 316 ·

176 473 316 559 ceperit:
340 498 412 561 quae
427 476 539 562 utique
555 477 613 542 nisi
628 479 870 556 commixtione,
883 491 981 566 atque
995 479 1057 544 sibi
1078 479 1216 543 invicem

175 580 272 647 fuerit
296 583 413 647 inserta
430 607 504 649 cum
528 607 675 672 corpore,
695 587 797 652 horno
820 609 878 651 nec
900 588 971 665 erit,
991 608 1052 652 nec
1078 586 1221 671 dicetur·-⁸

176 689 274 754 Unde
289 692 399 756 multis
413 695 567 780 exemplis
585 696 773 781 approbavit
786 695 977 774 Archelaus,
990 696 1091 760 totius
1109 693 1217 758 homi-

175 797 233 862 nis.
250 822 349 863 unum
376 814 471 886 atque
498 803 637 866 eundem
664 825 735 867 esse
758 801 924 868 faetorem.
973 805 1222 868 Ancnaaans.

176 924 304 983 mna,
321 908 409 973 Scire
426 924 457 973 te
473 932 537 973 non
559 910 686 989 dubito,
702 912 829 988 Manes,
843 911 928 989 hoe;
951 910 1039 996 quod
1052 931 1224 997 generan-r

174 1014 216 1079 tis
236 1030 294 1080 aut
313 1017 449 1081 creantis
473 1017 556 1081 filius
580 1017 699 1082 dieitur
719 1018 783 1097 ille,
798 1019 853 1104 qui
868 1025 981 1083 tnatus
998 1031 1058 1097 est,
1075 1031 1109 1082 et
1122 1039 1215 1082 erea-

174 1136 237 1189 tus.
282 1127 381 1212 Quod
403 1127 431 1189 si
452 1127 612 1213 malignus
632 1126 796 1191 hominem
819 1128 920 1207 finxit,
940 1142 1032 1221 pater
1052 1127 1124 1215 ejus
1147 1148 1218 1192 esse

174 1231 271 1297 debet
285 1235 464 1299 secundum
485 1249 642 1301 naturam.
686 1239 730 1301 Et
744 1236 798 1301 cui
814 1258 894 1322 ergo
909 1237 1037 1302 dicebat
1051 1237 1217 1302 Dominus

174 1343 195 1408 J
198 1363 281 1422 esus,
297 1343 416 1413 docens
433 1367 523 1409 orare
544 1344 703 1425 homines,
717 1345 792 1410 ⁴Sic
805 1346 899 1410 dicite
914 1368 982 1410 eum
996 1347 1104 1427 oratis,
1119 1349 1221 1411 Pater

173 1463 289 1532 noster,
301 1453 356 1539 qui
370 1476 401 1517 es
416 1454 449 1517 in
461 1454 575 1519 ecelis?
597 1459 640 1519 Et
654 1455 784 1535 iterum,
797 1455 918 1520 uOrate
930 1467 1054 1540 patrem
1066 1466 1218 1534 vestrum,

174 1560 229 1647 qni
244 1571 289 1625 est
305 1561 337 1625 in
353 1563 467 1626 occulto
477 1567 513 1626 ⁵?
534 1566 588 1628 De
604 1565 723 1628 Satana
738 1576 846 1627 autem
862 1564 942 1628 dixit
954 1563 1070 1628 vidisse
1081 1585 1117 1627 se
1128 1585 1219 1642 eum,

174 1669 283 1734 ⁶Sicnt
295 1671 418 1763 fulgur
440 1673 598 1736 cadentem
619 1673 657 1736 de
675 1672 764 1736 coelo.
787 1672 835 1737 uti
854 1694 895 1736 ne
912 1672 1083 1760 quisquam
1097 1672 1221 1739 audeat

174 1778 292 1858 dicere,
314 1780 401 1866 quod
422 1781 528 1867 ipsum
553 1804 611 1845 nos
631 1781 771 1846 docebat
791 1802 904 1861 orare3
926 1781 1137 1868 nequeenim
1155 1778 1256 1955 D

175 1888 342 1982 scanderat
359 1893 468 1971 Jesus,
486 1905 524 1956 ut
543 1891 691 1955 homines
710 1890 923 1977 conjungeret
943 1902 977 1955 et
995 1888 1171 1954 reconcilia¹

176 1997 313 2076 Satanae,
329 1999 407 2084 quin
427 1999 534 2084 potius
557 1998 788 2064 conterendum
807 2020 880 2062 eum
904 1999 964 2062 sub
985 1997 1122 2084 pedibus
1139 1996 1222 2061 fide-

174 2105 255 2170 lium
272 2128 404 2171 suorum
420 2107 561 2172 tradidit.
596 2107 661 2172 Sed
676 2129 742 2193 ego
756 2107 916 2170 beatiores
924 2107 1009 2170 istos
1023 2105 1131 2169 dicam
1148 2126 1222 2170 esse

177 2214 334 2292 Gentiles,
350 2216 407 2302 qui
422 2216 542 2281 multos
558 2214 689 2302 quidem
709 2214 918 2279 introducunt
932 2215 1034 2292 Deos,
1050 2212 1222 2278 unanimes

175 2337 297 2403 tamen,
312 2339 409 2411 atque
431 2323 552 2388 amicos
574 2345 631 2387 eos
652 2321 868 2398 confitentum
890 2320 943 2384 hic
964 2341 1038 2384 vero
1060 2319 1145 2383 duos
1166 2320 1220 2384 in-

176 2433 359 2512 troducens,
374 2432 555 2498 inimicitias
577 2433 659 2497 inter
676 2453 743 2509 eos,
758 2428 1005 2514 discordemque
1025 2428 1222 2493 sententiam

176 2569 241 2612 non
257 2547 417 2612 erubescit
432 2561 584 2611 astruere.
627 2545 751 2632 ¹Quod
766 2543 792 2606 si
806 2543 973 2608 simulatos
989 2544 1050 2607 sub
1063 2542 1220 2630 hujusce*-

175 2656 265 2721 modi
291 2655 475 2720 conditione
497 2654 767 2719 yintroducerent
790 2642 893 2728 Deos,
915 2650 1028 2714 ludum
1052 2650 1123 2740 jam
1146 2651 1222 2736 gla-

175 2764 348 2828 diatorium
363 2763 447 2827 inter
461 2784 517 2826 eos
532 2775 599 2827 erat
614 2760 730 2839 videre,
746 2759 928 2823 innumeras
950 2757 1105 2822 habentes
1124 2772 1223 2824 natu·

176 2894 238 2950 ras,
253 2872 454 2956 diversasque
470 2869 653 2933 sententias·

219 2981 316 3043 XXI.
344 2981 417 3043 Jarn
439 2999 512 3040 vero
538 2977 579 3040 de
603 2977 765 3055 interiore,
787 2990 884 3062 atque
906 2976 1063 3041 exteriore
1084 2975 1224 3042 homine

178 3087 255 3175 quid
276 3108 330 3150 me
351 3107 479 3150 necesse
500 3098 550 3150 est
571 3085 687 3164 dicere,
703 3105 778 3148 oum
804 3084 974 3150 Salvatoris
993 3104 1071 3148 voce
1090 3082 1224 3149 dicatur

145 3219 152 3227 ·
177 3195 217 3260 ad
232 3217 298 3273 eos,
314 3194 369 3280 qui
387 3194 547 3258 camelum
568 3193 724 3279 glutiunt,
740 3204 773 3255 et
787 3190 907 3255 deforis
930 3190 1109 3277 hypocritae
1130 3205 1222 3270 sunt,

109 3335 115 3347 ’
176 3307 403 3372 blandimentis
425 3321 523 3392 atque
543 3305 727 3370 adulatione
751 3303 952 3381 circumdati,
967 3304 1008 3367 ad
1027 3325 1111 3391 quos
1124 3305 1221 3368 Jesus
1256 3360 1259 3364 .

176 3420 232 3498 ait,
247 3414 329 3485 ⁷‘Vae
342 3418 425 3482 volis
442 3416 571 3494 Serilroe,
587 3426 617 3480 et
632 3413 790 3480 Pharisaei
810 3413 995 3499 hypocritae,
1011 3434 1122 3499 quare,
1137 3413 1222 3499 qaod

177 3527 292 3614 deforis
307 3537 353 3592 est
368 3525 475 3604 catini,
490 3536 520 3589 et
541 3522 646 3588 calicis
667 3522 803 3601 ἰαυαίὶες
825 3522 907 3608 qnod
926 3532 1032 3585 antem
1053 3521 1140 3586 intus
1160 3531 1218 3600 est,

207 3729 216 3762 t
236 3730 264 3776 ln
276 3722 363 3775 eodem
373 3727 456 3776 codiee
464 3727 561 3789 legitur,
571 3734 635 3772 natus
647 3732 679 3771 est
689 3732 782 3770 creatus.

209 3815 223 3844 ¹¹
239 3811 330 3858 Melius
342 3812 366 3858 in
377 3810 492 3871 Vulgata,
507 3808 555 3857 Ora
567 3809 657 3854 Patrem
669 3816 730 3853 tuum
740 3805 764 3851 in
774 3803 906 3853 abscondito.

210 3895 225 3925 ¹
241 3893 271 3940 In
283 3891 365 3939 codice
376 3890 511 3946 Casinensi,
524 3887 589 3936 Quod
597 3885 717 3934 simulatos.

209 3979 224 4017 Υ
241 3975 271 4022 ln
282 3962 406 4018 casinensi
417 3971 500 4017 codice
510 3978 555 4026 est,
568 3967 721 4014 introduceret.
754 3965 800 4012 Sed
812 3965 853 4012 hic
864 3964 894 4012 de
906 3963 1046 4011 Gentilibus
1058 3962 1127 4026 loqui
1138 3963 1214 4029 paltnr

179 4064 224 4115 est,
235 4066 309 4116 quare
320 4050 462 4111 legendum,
475 4047 641 4095 introducerent.
1148 4039 1151 4044 ⁴

273 4139 288 4174 ⁴
304 4138 366 4184 Mat.
374 4137 407 4184 ri.
418 4147 441 4186 9.
459 4137 519 4184 Lue.
528 4135 562 4184 xi.
573 4146 597 4184 2.
731 4136 742 4170 ⁵
762 4132 824 4180 Mat.
833 4130 865 4178 vi.
878 4142 901 4182 9.

274 4216 288 4252 ⁶
305 4219 365 4267 Luc.
374 4233 399 4267 x.
410 4227 448 4265 18.
727 4216 740 4254 ²
757 4213 818 4260 Mat.
828 4212 895 4261 xxiii.
906 4218 955 4261 26,
965 4211 1027 4259 Luc.
1036 4211 1073 4259 xi.
1082 4221 1123 4264 39.
