2684 4740
340 304 489 374 casm
508 301 636 372 aruo
659 299 982 371 zartornrcmr.
1118 318 1180 393 109

150 479 366 548 :trabat-tunc
391 479 537 544 Silvanus
563 477 596 541 in
619 476 729 541 clero?
760 475 876 541 Victor
898 473 1082 562 respondit:
1111 471 1182 538 Sub

147 589 240 656 Paulo
252 589 409 675 episcopo
424 599 498 653 orta
516 599 566 651 est
584 585 777 671 persecutio,
791 599 825 648 et
846 585 991 650 Silvanus
1009 582 1181 648 subdiaco-

145 720 200 765 nus
214 698 291 764 fuit.
334 696 559 763 Nundinarius
573 694 728 760 diaconus
743 692 931 781 respondit:
953 691 1093 781 Quando
1107 712 1184 755 vcn-

143 821 210 874 tam
220 820 274 874 est
287 805 366 886 illic,
378 806 433 886 ait,
442 817 481 870 ut
494 804 598 869 factus
609 815 694 868 esset
705 801 888 888 episcopus,
899 800 1065 887 respondit
1077 819 1184 887 popu-

143 916 210 982 lus:
233 915 331 981 Alius
351 915 418 993 fiat,
434 913 552 978 exaudi
571 913 675 977 Deus.
709 909 911 996 Zenophilus
926 911 970 975 V.
982 909 1022 974 C.
1036 908 1186 974 constas

143 1027 184 1093 ris
196 1025 325 1094 Victori
340 1024 441 1089 dixit:
463 1022 601 1090 Dictum
616 1034 667 1086 est
679 1041 700 1085 a
712 1019 848 1107 populo,
862 1018 1008 1083 Silvanus
1024 1014 1183 1083 traditor?

143 1136 259 1204 Victor
271 1137 374 1203 dixit:
396 1139 472 1224 Ego
489 1137 559 1222 ipso
580 1135 722 1200 luctatus
741 1156 815 1199 sum
836 1132 1041 1218 ²episcopus.
1077 1134 1186 1197 Zeno·

145 1245 253 1332 philus
265 1247 311 1312 V.
325 1245 365 1310 C.
380 1244 556 1330 consularis
570 1243 697 1310 Victori
712 1242 813 1308 dixit:
838 1245 930 1328 Ergo
946 1243 1072 1307 sciebas
1084 1241 1187 1307 tradi-

145 1355 270 1419 torem?
293 1355 345 1419 De
358 1355 422 1419 hoc
437 1353 601 1419 confitere.
622 1351 739 1418 Victor
752 1350 931 1437 respondit:
947 1351 1098 1417 Traditur
1113 1353 1187 1417 fuit.

146 1463 368 1529 Nundinarins
393 1463 549 1528 diaconus
575 1461 678 1526 dixit:
707 1462 778 1527 Vos
806 1459 948 1526 seniores
976 1460 1189 1527 clamabatis:

147 1572 273 1638 Exaudi
293 1574 397 1663 Deus,
418 1573 521 1638 civem
545 1585 690 1638 nostrum
712 1572 873 1652 volumus,
895 1571 950 1636 ille
972 1572 1107 1637 traditor
1128 1584 1190 1638 est.

148 1682 349 1770 zenophilus
362 1686 405 1750 V.
419 1684 459 1749 C.
474 1683 652 1750 consularis
665 1682 792 1749 Victori
810 1681 911 1746 dixit:
935 1681 1091 1748 Clamasti
1110 1669 1191 1768 ergo

147 1814 222 1860 cum
239 1793 364 1881 populo
379 1795 467 1881 quod
485 1794 622 1860 traditor
642 1807 729 1859 esset
748 1793 905 1873 Silvanus,
918 1807 953 1859 et
974 1817 1038 1859 non
1059 1794 1192 1859 deberet
1207 1812 1210 1816 ·

146 1902 216 1967 fieri
231 1901 423 1989 episcopus?
449 1903 563 1970 Victor
577 1903 678 1968 dixit:
703 1902 848 1967 Clamavi
863 1914 896 1967 et
910 1925 976 1990 ego
991 1918 1025 1971 et
1038 1905 1191 1991 populus.

148 2034 209 2078 nos
220 2012 309 2077 enim
321 2013 422 2079 civem
439 2024 586 2077 nostrum
601 2011 791 2098 petebamus
806 2010 969 2098 integrum
983 2012 1097 2078 virum.
1124 2014 1192 2077 Ze·

148 2120 302 2208 nophilus
315 2123 358 2188 V.
370 2122 411 2188 C.
428 2122 605 2187 consularis
620 2121 719 2189 dixit:
741 2123 816 2208 Qua
828 2143 926 2186 causa
939 2123 1101 2208 putabatis
1116 2143 1193 2187 eum

150 2251 215 2298 non
229 2230 368 2295 mereri?
392 2230 506 2296 Victor
520 2229 621 2295 dixit:
645 2230 812 2317 Integrum
828 2231 1029 2316 petebamus,
1043 2247 1076 2297 ct
1090 2230 1193 2296 civem

148 2349 318 2404 nostmm:
341 2338 490 2402 Sciebam
510 2338 598 2402 enirn
618 2360 749 2403 causam
769 2341 1005 2426 Imperatorum
1023 2341 1105 2428 (for.
1120 2353 1195 2406 ante

152 2447 368 2534 imperatores
380 2445 512 2528 Belua.)
526 2447 568 2511 ad
582 2446 648 2511 boc
661 2468 799 2511 nosesse
810 2458 972 2526 venturos,
985 2448 1064 2513 dum
1074 2453 1095 2492 *
1107 2448 1195 2513 enim

150 2555 272 2621 talibus
292 2554 519 2620 committitur.
564 2556 647 2619 Item
668 2555 810 2620 inductis
829 2568 863 2621 et
883 2556 1042 2642 adplicitis
1061 2558 1196 2624 Victore

151 2663 332 2731 Samsurici
346 2677 380 2729 et
393 2663 566 2729 Saturnino
581 2664 771 2744 fossoribus,
786 2665 985 2751 Zenophilus
1000 2668 1045 2731 V.
1059 2668 1099 2732 C.
1114 2689 1194 2732 con-

153 2772 270 2838 solans
283 2772 384 2838 dixit:
406 2773 490 2861 Quis
504 2774 649 2838 vocaris?
679 2774 879 2860 Respondit:
902 2774 1101 2841 Saturninus.
1133 2777 1197 2843 Ze·
1272 2841 1276 2848 ,

154 2881 309 2969 nophilus
328 2883 370 2948 V.
383 2882 424 2948 G.
447 2882 549 2948 dixit:
573 2882 678 2969 Cujus
700 2883 894 2948 conditionis
918 2887 976 2948 es?
1006 2886 1198 2952 Saturninus
1245 2956 1247 2959 .

152 2992 343 3079 respondit:
374 2993 501 3057 Fossor.
544 2992 743 3079 Zenophilus
768 2994 812 3057 V.
828 2992 868 3057 C.
892 2995 1069 3060 consularis
1096 2996 1196 3060 dixit:

149 3096 321 3175 Silvanum
346 3104 408 3168 scis
433 3126 505 3168 esse
525 3104 739 3169 traditorem?
779 3105 967 3170 Saturninus
990 3106 1094 3172 dixit:
1122 3108 1198 3173 Scio

153 3204 321 3281 incernam
345 3213 513 3278 tradidisse
536 3227 735 3300 argenteam.
779 3217 980 3304 Zenophilus
1000 3220 1043 3284 V.
1058 3221 1099 3285 C.
1120 3241 1199 3311 con·

154 3320 272 3386 solaris
293 3321 468 3386 Saturnino
491 3322 592 3387 dixit:
615 3323 704 3411 Quid
719 3324 828 3389 aliud?
859 3327 1049 3391 Saturninus
1069 3349 1201 3416 respon-
1305 3338 1308 3343 ’

156 3427 225 3494 dit:
240 3428 345 3493 Aliud
359 3430 480 3509 nescio,
495 3431 556 3495 nisi
571 3431 649 3517 quia
658 3430 722 3495 bde
734 3446 807 3517 post
818 3455 926 3498 orcam
941 3456 1014 3498 eam
1028 3437 1134 3523 ejecit.
1158 3441 1201 3504 Et

156 3551 287 3602 remoto
306 3538 491 3617 Satumino‚
512 3540 711 3624 Zenophilus
732 3542 771 3605 V.
786 3543 825 3606 C.
844 3543 1019 3608 consularis
1040 3545 1120 3612 dixit
1141 3546 1200 3611 ad-

156 3647 278 3713 stanti:
295 3649 338 3712 Ε(
352 3661 400 3727 tu,
415 3648 487 3735 quis
500 3639 641 3712 vocaris?
666 3651 844 3734 Respondit
858 3677 866 3715 ε
882 3653 999 3717 Victor
1013 3655 1200 3723 samsurici

158 3755 363 3841 Zeuophilus
376 3758 419 3822 V.
433 3758 473 3822 C.
488 3757 664 3821 consularis
679 3757 781 3824 dixit:
805 3759 910 3846 Cujus
932 3763 1125 3829 conditionis
1144 3768 1201 3830 es?

157 3863 397 3948 Victor-dixit:
422 3865 550 3930 Artifex
571 3888 655 3930 sum.
694 3867 948 3952 Zenophilus-V.
963 3872 1002 3935 C.
1018 3871 1117 3939 dixit:
1139 3875 1203 3938 Ta·

157 3970 272 4036 hulam
293 3986 481 4059 argenteam
502 3974 575 4061 'quis
595 3974 749 4039 tradidit?
779 3977 896 4042 Victor
916 3981 1101 4065 respondit:
1124 3985 1203 4047 Non

154 4079 248 4146 vidi.
261 4082 351 4168 quod
373 4083 453 4162 scio,
475 4084 539 4148 hoc
561 4083 647 4148 dico.
685 4086 883 4171 Zenophilus
904 4090 945 4154 V.
962 4089 1002 4154 C.
1026 4091 1203 4156 consularis

156 4187 407 4265 dixitVictori:
428 4191 522 4255 Licet
531 4190 602 4280 jam
616 4193 798 4287 constiterit
812 4217 850 4260 ex
868 4199 1075 4284 responsione
1089 4221 1205 4268 comm

295 4343 329 4363 ·-
404 4337 418 4362 ⁸
427 4325 773 4393 soanetierct'episcopusr·
827 4327 963 4395 ¹’souille-
