2684 4740
241 318 486 388 attentum
505 322 563 388 er
582 317 790 387 Mnnmvs
810 314 1099 388 mssurnmo.
1137 310 1195 387 181
1287 284 1291 288 ’

138 485 222 555 boc
234 492 400 576 provenire
413 490 565 578 possibile
576 503 637 570 est,
645 511 743 577 quare
755 492 933 554 nonu'num
945 486 1090 551 dicamus
1104 483 1198 570 inge·

143 598 278 679 mitum,
293 600 380 685 quod
401 600 583 686 intelligere
597 601 702 686 magis
716 598 853 684 dignum
867 610 917 663 est
930 596 1025 681 juxta
1039 595 1197 665 rationem

144 707 320 772 veritatis?
355 709 476 773 intueri
490 709 575 773 enim
592 721 733 795 oportet,
746 706 913 793 quomodo
929 705 1032 771 malus
1051 703 1105 768 ille
1126 703 1197 792 fue-¹

145 813 197 879 rit
213 815 258 879 ab
273 816 378 895 initio,
394 832 452 882 aut
470 818 502 882 in
523 839 606 904 quos
626 817 783 882 malitiam
803 814 979 880 exercuerit
998 825 1071 880 ante
1086 809 1199 876 mundi

147 927 437 994 constitutionem.
482 930 706 996 Cumcaelum
726 927 871 992 nondum
889 923 1056 1003 extitisset,
1072 934 1106 986 et
1119 942 1200 985 non-

150 1034 238 1099 dum
256 1050 341 1101 terra
354 1038 554 1118 subsisteret,
569 1061 633 1102 non
648 1038 761 1115 homo,
776 1058 841 1099 non
855 1032 1031 1111 animal,.in
1045 1051 1128 1116 quos
1143 1051 1198 1095 ex-

151 1143 291 1208 ercebat
306 1145 481 1210 malitiam?
498 1169 595 1233 quem
611 1145 813 1231 opprimebat
833 1142 970 1228 injuste?
986 1162 1083 1226 quem
1098 1138 1199 1226 spoli'·
1223 1213 1226 1220 ¹

154 1272 218 1316 aus
230 1253 354 1318 occidit
363 1256 383 1318 l'
398 1256 499 1323 Quod
514 1257 542 1321 si
557 1257 623 1320 suis
637 1278 711 1319 eum
728 1256 816 1320 dicas
830 1254 971 1319 extitisse
987 1252 1122 1330 malum,
1131 1251 1200 1316 sine

156 1360 264 1440 dubio
283 1385 363 1449 ergo
382 1367 563 1431 ostenditur
584 1366 676 1430 illum
695 1367 790 1430 bonae
808 1386 878 1429 esse
901 1375 1032 1427 naturae,
1077 1362 1112 1427 Si
1125 1381 1202 1427 vero

157 1483 195 1533 et
214 1469 263 1534 illi
279 1494 390 1536 omnes
404 1475 481 1539 mali
496 1488 582 1555 sunt,
598 1474 765 1561 quomodo
785 1487 893 1560 potest
913 1473 1077 1551 Satanam,
1091 1485 1126 1536 et
1140 1471 1201 1535 Sa·

159 1592 255 1643 tanae
271 1579 409 1665 ejicere?
444 1584 508 1648 Sed
532 1585 702 1648 conclusus
721 1596 737 1628 ⁰
748 1604 895 1647 sermone
915 1581 1082 1659 convertis,
1099 1593 1136 1644 ut
1151 1577 1206 1644 di-

160 1709 231 1766 cas,
246 1689 350 1753 bonus
369 1690 433 1754 vim
454 1712 566 1778 passus
586 1705 637 1756 est
655 1715 675 1755 a
694 1691 792 1755 malo.
836 1690 899 1754 Sed
919 1711 978 1754 nee
993 1690 1057 1754 hoo
1073 1689 1203 1776 quidem

160 1796 295 1860 esttibi
317 1798 384 1861 sine
405 1777 548 1884 periculo
567 1802 688 1880 dicero,-
699 1813 737 1865 ut
752 1799 857 1865 lucem
873 1805 989 1864 victam
1004 1820 1074 1864 esse
1087 1799 1205 1864 confir·

162 1924 260 1981 mesa
278 1905 365 1989 quod
379 1906 464 1970 enim
480 1907 627 1988 vincitur,
641 1907 779 1997 vicinum
794 1906 892 1970 habet
906 1907 1080 1970 interitum.
1115 1905 1206 1993 Quid
1237 1892 1239 1897 ¹

162 2012 249 2111 9³l¹¹¹
278 2014 324 2078 ait
347 2037 454 2081 sermo
476 2017 621 2082 divinus?
666 2016 768 2104 ⁶Quis
793 2015 997 2100 enimpotest
1021 1999 1149 2079 introire
1171 2014 1206 2078 in

165 2121 290 2186 domum
307 2121 420 2207 so'rtt‘s,
436 2134 476 2187 -et
499 2125 632 2209 dirim
653 2147 728 2189 oasa
749 2125 825 2208 tim,
847 2123 909 2188 nisi
934 2122 988 2187 illo
1013 2122 1053 2187 sit
1072 2122 1206 2208 fortior.

166 2229 267 2318 Quod
287 2231 314 2293 si
336 2231 520 2301 bominibus
539 2255 614 2298 eum
631 2234 751 2298 malum
766 2233 908 2297 extitisse
922 2217 1050 2310 dixeris,
1066 2245 1098 2295 et
1113 2253 1208 2308 exeo

167 2339 299 2402 malitiae
321 2362 387 2404 suae
408 2341 524 2406 indicia
542 2342 799 2422 demonstrasse,
821 2364 901 2428 ergo
923 2342 1080 2406 antehoc
1102 2342 1208 2409 bonus

167 2447 240 2525 fuit,
254 2461 287 2510 et
302 2450 599 2515 convertibilitatem
617 2451 729 2537 recipit
742 2473 782 2515 ex
796 2473 847 2528 eo,
861 2452 951 2537 quod
965 2451 1084 2515 Pereati
1094 2448 1208 2515 ,homi-

169 2553 216 2617 nis
231 2574 329 2618 causa
343 2554 499 2621 invenitur
513 2558 656 2623 extitisse
672 2558 813 2622 malitiae.
858 2559 923 2623 Sed
943 2571 1106 2644 postremo
1122 2557 1209 2625 dieat
1296 2551 1300 2560 l

170 2660 257 2748 quod
271 2677 321 2726 est
336 2663 469 2742 malum,
486 2687 526 2729 ne
545 2667 628 2730 forte
648 2688 765 2730 nomen
784 2666 888 2730 solum
903 2667 1068 2747 defendat,
1083 2679 1140 2732 aut
1152 2666 1209 2732 ad·

168 2782 281 2834 struat.
326 2771 426 2837 Quod
442 2772 469 2835 si
484 2795 549 2837 non
564 2795 680 2841 nomen
696 2775 783 2854 mali,
799 2775 855 2839 sed
870 2776 1066 2856 substantia,
1083 2776 1210 2845 fructus

169 2879 264 2943 nobis
288 2881 419 2944 malitiae
446 2894 481 2946 et
503 2883 654 2968 nequitiae
676 2883 774 2969 hujus
796 2899 945 2969 exponat,
968 2885 1121 2971 quoniam
1144 2906 1209 2956 non

168 2986 355 3071 agnoscitur
369 3009 510 3074 unquam
527 2989 648 3053 arboris
664 3003 776 3054 natura
790 2990 862 3054 sine
874 2991 983 3055 fructu
992 2996 1016 3062 ⁷,
1136 3074 1149 3091 .
1248 2982 1250 2989 ⁴

180 3096 493 3183 ngl1.,Mnnss
511 3117 639 3178 orxrr,
656 3098 795 3163 Constet
811 3099 898 3185 apud
913 3112 946 3164 te
959 3103 1058 3187 prius,
1070 3102 1146 3188 quia
1159 3114 1209 3167 est

122 3256 128 3261 .
167 3204 258 3270 radix
272 3203 336 3268 alia
350 3205 493 3285 malitiae,
509 3229 606 3292 quam
628 3229 693 3271 non
714 3207 866 3292 plantavit
887 3209 992 3288 Deus,
1006 3222 1039 3273 et
1057 3222 1135 3275 tune
1149 3210 1210 3276 tibi

161 3311 274 3377 dicam
294 3313 417 3377 fructus
439 3313 521 3399 ejus.
565 3315 804 3379 Axcasnnus
828 3333 958 3392 o1x1r,
973 3317 1051 3379 Non
1066 3316 1129 3381 hoc
1144 3317 1209 3383 veri

162 3421 291 3506 expetit
303 3421 401 3498 rati03
418 3443 522 3506 neque
537 3420 622 3485 enim
638 3421 790 3485 assentiar
804 3421 863 3484 tibi
879 3421 1017 3489 radicem
1032 3444 1101 3487 esse
1115 3424 1209 3490 malae

167 3529 291 3598 arboris
304 3528 401 3609 illius,
414 3529 455 3594 de
467 3529 562 3615 eujus
576 3531 734 3595 fructibus
747 3550 909 3615 nunquam
924 3530 1008 3594 ullus
1021 3533 1208 3616 gustaverit.

168 3638 336 3724 Tanquam
351 3637 379 3701 si
392 3637 468 3702 velit
487 3638 609 3724 aliquid
624 3639 697 3725 quis
711 3659 837 3717 emere3
861 3637 921 3702 nisi
940 3638 1028 3725 prius
1045 3641 1208 3725 gustando

168 3731 280 3823 discat,
296 3757 407 3810 uuum
421 3746 511 3811 arida
525 3747 567 3810 sit
582 3746 715 3833 species,
728 3745 935 3832 autliquida,
951 3748 1121 3832 pecuniam
1143 3771 1208 3815 non

170 3855 293 3939 profert
299 3876 310 3932 ς
332 3853 499 3941 itarneque
513 3875 576 3942 ego
595 3855 655 3919 tibi
674 3854 828 3919 assentiar
842 3876 911 3919 esse
927 3855 1074 3923 arborem
1090 3857 1207 3923 malam

169 3976 202 4030 et
214 3961 400 4050 pessimam,
411 3962 472 4027 nisi
486 3963 576 4050 prius
585 3962 723 4050 qualitas
732 3963 897 4028 fructuum
910 3963 980 4050 ejus
990 3965 1089 4030 fuerit
1103 3966 1207 4030 mani·

264 4126 279 4155 ⁰
295 4123 374 4184 Forte,
385 4139 500 4171 termonem
511 4109 629 4171 convertis.
801 4125 911 4182 PForte,
919 4123 1003 4170 creatio
1011 4122 1109 4172 laminis.
1167 4116 1170 4143 ³

394 4198 408 4234 ⁶
425 4201 503 4254 Marc.
512 4204 546 4253 iii.
558 4212 598 4262 αι.
714 4227 719 4237 ·
793 4204 805 4242 ⁷
822 4203 934 4254 Matrit.
946 4213 984 4252 rs.

666 4288 754 4346 Μ’
