2684 4740
224 294 465 364 ARCHELAI
486 295 543 359 ET
561 293 769 360 MANETIS
790 289 1080 360 DISPUTATIO.
1112 311 1177 380 ¹153

142 467 244 558 gabat
264 467 364 532 alium
387 489 447 553 pro
470 488 504 531 se
526 465 635 551 dirigi,
658 466 822 552 abnegans
840 464 926 529 ultra
947 464 1009 529 sibi
1030 463 1090 530 lad
1108 486 1183 531 eum

142 579 334 660 rediturum,
350 590 406 643 aut
420 578 683 642 communionem
707 598 780 640 curn
801 598 841 639 eo
856 576 996 663 aliquam
1013 578 1183 643 facturum.

143 690 322 755 Marcellus
346 712 431 768 vero,
453 689 557 767 accito
583 710 648 752 uno
674 709 713 751 ex
736 687 842 772 pueris
865 687 941 765 suis,
965 687 1101 755 Callisto
1124 711 1185 754 no·
1246 703 1252 711 “

143 800 244 879 mine,
259 800 407 887 praecipit
421 798 590 886 proficisci,
606 798 661 884 qui
677 797 756 861 nihil
770 810 925 877 moratus,
941 797 1028 862 illico
1042 798 1187 885 proficis·

144 910 252 990 citur3
274 921 396 997 etpost
411 910 554 974 triduum
569 908 711 995 pervenit
731 907 773 972 ad
792 909 940 988 Manem,
954 930 1052 995 quem
1068 909 1100 973 in
1115 931 1186 974 cas-

145 1019 226 1084 tello
241 1019 383 1106 quodam
399 1018 610 1083 marabionis
630 1019 758 1103 reperit,
777 1032 875 1104 atque
897 1018 1065 1105 epistolam
1089 1019 1188 1083 tradi·
1256 1001 1261 1011 ¹

146 1128 214 1209 dit3
233 1151 297 1216 qua
310 1128 366 1193 ille
380 1129 531 1215 perlecta,
546 1129 674 1215 gavisus
689 1141 748 1208 est,
763 1151 783 1192 a
797 1128 955 1194 Marcello
971 1129 1139 1194 invitatum
1154 1151 1189 1195 se

147 1259 229 1315 csse,
245 1260 282 1303 ac
303 1238 371 1302 sine
392 1260 484 1302 mora
497 1237 559 1301 iter
573 1236 715 1301 invadit:
736 1237 899 1301 Turbonis
920 1250 1027 1302 tamen
1048 1259 1189 1302 remora·

146 1345 271 1410 tionem
287 1368 351 1409 non
368 1367 554 1432 prosperam
575 1359 592 1390 ¹¹
602 1344 804 1431 praesagitus,
819 1358 852 1409 et
868 1345 959 1431 quasi
973 1344 1122 1409 consulto
1138 1343 1191 1408 iti·

148 1475 224 1518 nere
239 1454 279 1518 ad
294 1453 488 1519 Marcellum
504 1454 653 1540 perrexit.
697 1452 808 1517 Turbo
821 1475 895 1517 vero
911 1452 951 1517 de
965 1453 1115 1518 Marcelli
1131 1453 1191 1518 do,-

149 1583 204 1632 mo
221 1583 351 1647 prorsus
366 1584 430 1626 non
445 1561 642 1640 discedebat,
656 1583 714 1625 nec
729 1561 771 1624 ab
785 1560 938 1625 Archelai
952 1561 1096 1646 episcopi
1113 1583 1192 1626 con·

149 1671 347 1736 fabulatione
362 1673 526 1737 cessabat:
548 1671 638 1736 valde
653 1671 738 1735 enim
755 1669 897 1734 studiose
913 1672 1048 1755 uterque
1060 1668 1101 1733 de
1114 1671 1192 1734 Ma.-

150 1781 269 1845 nichaei
284 1783 397 1847 studiis
410 1783 649 1869 perquirebant,
663 1782 743 1846 scire
761 1780 937 1866 cupientes,
954 1779 1010 1866 qui
1025 1779 1079 1858 sit,
1095 1779 1192 1860 unde,

151 1890 201 1955 vel
223 1890 302 1977 quid
316 1892 402 1956 verbi
418 1893 507 1956 ferat.
533 1892 603 1980 'At
623 1884 686 1955 ille
700 1890 845 1955 universa
867 1889 1007 1956 dilucide
1028 1889 1194 1971 enarravit,

152 2013 299 2089 repetens
312 2014 345 2065 et
360 2023 522 2087 exponens
536 2001 576 2065 de
593 2001 653 2064 fide
668 2001 738 2087 ejus
752 1999 816 2063 hoc
831 2000 942 2066 modo.

207 2147 280 2205 VII.
308 2136 348 2209 Ei
367 2126 418 2227 riu
435 2130 488 2210 rui
506 2128 603 2221 Μνίνη
622 2131 713 2215 rofa-u
731 2127 853 2209 θέλετε
873 2129 1002 2235 μαθεῖν
1019 2138 1099 2240 παρ’
1119 2125 1197 2239 imai,

152 2264 310 2348 ἀκέο-αντε
324 2268 501 2372 συννέμων.
526 2263 604 2351 ἕνας
621 2263 674 2344 allo
688 2264 777 2345 ee‘C'a
792 2260 883 2350 Θεές
898 2268 1085 2366 ἀγεννῆννς,
1102 2272 1199 2347 abro-

152 2407 262 2508 φυᾶς,
282 2399 418 2494 elidicus,
440 2400 497 2482 ἕνα
513 2401 558 2510 τῷ
576 2406 618 2482 ἑνὶ
637 2397 858 2507 ἀντικείμενον,
879 2400 934 2500 νᾳ)
951 2400 1000 2480 τὶν
1016 2401 1076 2508 μὲν
1101 2408 1197 2502 ἀγαν-

154 2534 226 2640 γὶν,
244 2536 297 2619 τὶν
314 2535 336 2647 'fi
353 2534 478 2647 volupia
496 2541 681 2639 εἰσηγεῖτνᾳ,
703 2535 785 2646 <pals
801 2543 847 2645 τῷ
870 2537 908 2616 ἐνὶ
927 2533 1029 2641 ὄνομα
1044 2533 1198 2642 Separor,

154 2671 212 2771 aaa)
238 2672 285 2782 τῷ
311 2672 405 2790 ἑτέςῳ
431 2673 559 2766 caiam,
580 2671 634 2774 uqi
650 2674 704 2753 rai
720 2669 779 2780 pir
797 2667 914 2782 φωτὶς
937 2668 1012 2769 eiam
1035 2671 1131 2782 μέρος
1148 2669 1201 2768 τὴν

156 2808 187 2888 ἓν
203 2807 396 2922 ἀνθρώποις
412 2801 544 2919 ψυχὴν,
564 2810 618 2887 aad
638 2805 673 2888 di
695 2808 828 2892 σκὸτννς
852 2804 887 2887 ri
910 2806 1028 2915 calpa,
1048 2809 1076 2926 a}
1094 2806 1129 2887 rh
1146 2804 1202 2903 riis

157 2940 240 3036 ὅλης
259 2938 487 3058 ἕημνέργημνν.
518 2943 608 3052 μῖξιν
626 2941 673 3039 di,
692 2941 755 3036 iret
773 2941 960 3059 σῦγκςννσνν
978 2941 1091 3024 Peiros
1108 2941 1202 3046 λῖγεν

200 3205 273 3266 VII.
299 3206 317 3251 1⁰
328 3208 360 3264 si
387 3208 472 3266 fidem
498 3209 655 3267 Manichaei
706 3210 799 3288 ponit,
810 3217 839 3265 et
850 3208 932 3266 alteri
943 3209 1086 3268 tenebras.
1106 3209 1147 3267 Et
1157 3208 1202 3267 lu·
1261 3215 1272 3223 '

158 3288 271 3345 discere
294 3309 312 3345 a
333 3307 380 3346 me
404 3290 507 3362 vultis3
531 3290 657 3348 breviter
707 3291 747 3346 cis
775 3289 887 3366 quidem
914 3309 976 3346 esse
1003 3300 1114 3369 partem
1140 3292 1203 3348 ani·
1300 3291 1305 3299 ’

158 3369 269 3426 audite.
306 3368 365 3426 Hic
389 3370 460 3427 duos
483 3370 553 3428 colit
576 3372 656 3428 Deos
708 3390 795 3437 mam,
819 3390 882 3446 qua
907 3371 938 3427 in
958 3371 1124 3428 hominibus
1147 3382 1202 3439 est,

159 3449 290 3517 innatos,
315 3470 352 3508 ex
374 3453 533 3529 semetipsis
558 3462 660 3510 extan—
709 3451 892 3508 tenebrarum
917 3460 1013 3508 autem
1038 3471 1153 3530 corpus,
1175 3462 1224 3526 ct·

160 3540 218 3596 tes,
233 3540 366 3599 aeternos,
383 3552 471 3589 unum
491 3535 541 3589 uni
561 3534 660 3590 adver·
709 3553 773 3608 qnae
795 3553 831 3590 ex
853 3534 972 3589 materia
995 3545 1039 3589 est
1063 3533 1204 3592 conditio.

157 3618 291 3684 ‹santem3
308 3621 338 3668 et
348 3612 469 3670 alterum
482 3614 596 3690 quidem
606 3615 660 3671 bo·
710 3615 936 3670 Permixtionem
952 3626 1060 3682 autem„
1075 3614 1120 3671 vel
1134 3633 1206 3671 con-

161 3709 244 3759 num,
257 3691 379 3750 alterum
390 3704 487 3751 autem
498 3694 605 3752 malum
616 3696 661 3751 in·
706 3693 890 3773 junctionem
900 3697 975 3752 Phoc
987 3696 1072 3752 modo
1084 3696 1154 3753 dicit
1163 3695 1206 3752 ef·

162 3771 301 3835 troducit.
333 3773 400 3831 Lux
419 3777 469 3832 uni
487 3795 593 3832 nomen
606 3778 661 3834 im·
711 3776 828 3843 sectam,
843 3775 993 3833 conferens
1010 3776 1110 3834 ambos
1125 3776 1205 3836 Deos

199 3995 207 4032 ¹
223 3996 284 4045 eod.
296 3997 431 4058 bobiensis,
444 4000 475 4046 ad
484 4000 548 4048 illum
560 4018 709 4060 reuersurum,
719 4011 759 4048 aut
770 4002 936 4050 communionem
946 4021 994 4052 cum
1004 4022 1027 4052 eo
1038 4004 1139 4070 aliquam
1146 4003 1210 4069 fin.

197 4079 218 4108 ¹¹¹
235 4077 372 4128 Castellum
383 4082 431 4130 boc
443 4091 508 4130 trans
519 4083 624 4134 fluvium
636 4084 763 4146 Strangam
774 4085 850 4132 situm
862 4086 936 4134 fuisse
947 4088 973 4134 in
984 4087 1065 4134 medio
1083 4087 1210 4136 Persarum

165 4168 191 4207 et
202 4157 398 4223 Mesopotamiae,
410 4165 443 4211 ait
454 4165 604 4226 Epiphanius
616 4166 642 4214 in
653 4166 700 4213 hac
711 4166 796 4214 haeresi
805 4180 877 4215 uum.
888 4177 910 4222 7.

200 4243 214 4272 ¹¹
231 4241 316 4292 Codex
327 4241 461 4303 Bobie‘nsis,
468 4257 593 4309 prasagus.

208 4341 221 4366 o
237 4324 369 4389 sequentia
379 4342 458 4390 usque
468 4330 499 4377 ad
510 4343 563 4393 cap.
575 4337 613 4380 aa.
623 4329 742 4398 verbatim
747 4344 829 4394 ‚graece
839 4329 922 4381 retulit
931 4330 1081 4394 Epiphanius
1093 4345 1165 4383 num.
1173 4341 1214 4383 25.
1260 4347 1264 4357 ·
