2684 4740
5 304 10 311 ’
54 435 59 442 ¹
146 333 209 398 180
243 330 481 400 anormmr
499 336 556 402 m
574 335 784 402 manens
802 332 1104 403 marmano,

145 511 300 586 quantum
324 503 473 590 ¹1spectat
494 503 535 568 ad
556 505 727 584 contraria,
747 504 975 570 convertibiles
992 526 1081 586 vero,
1101 503 1195 592 quod

146 622 270 693 spectat
291 611 332 676 ad
354 613 492 698 propria.
534 615 776 678 Ascnaesns
804 633 934 691 orxrr,
954 612 1087 678 Videris
1110 612 1196 678 mibi

144 715 264 781 delirus
279 740 359 797 esse,
372 732 407 784 et
420 720 610 784 obliviscens
627 722 886 806 propositionum
904 736 1060 801 tuarnm3
1079 719 1139 785 aed
1154 741 1195 801 ne

144 844 259 888 eorum
274 827 416 913 quidem,
432 850 505 914 quae
519 826 687 907 ldidicisti,
702 831 876 895 verborum
887 832 1036 909 virtutes,
1047 830 1098 894 vel
1113 851 1197 916 qua-

145 917 253 998 litates
271 958 458 1022 agnoscere.
503 937 620 1022 Neque
635 939 720 1000 enim
734 939 901 1003 conversio
916 938 996 1025 quid
1011 938 1056 1002 sit
1071 959 1197 1024 agnos·

145 1038 203 1118 cis,
219 1063 322 1129 neque
337 1044 416 1130 quid
430 1045 472 1109 sit
492 1045 686 1130 ingenitum,
699 1057 757 1108 ant
770 1045 849 1130 quid
865 1045 1100 1124 dualitasnon
1116 1044 1198 1131 quid

144 1152 357 1238 praeteritum,
370 1154 419 1217 vel
434 1152 512 1238 qnid
527 1173 678 1237 praesens,
692 1153 810 1240 quidve
823 1155 972 1219 futurum
986 1154 1041 1232 sit,
1055 1155 1143 1219 sicut
1157 1175 1198 1219 ex

144 1259 209 1339 bis,
223 1283 296 1347 quae
313 1283 333 1325 a
354 1274 387 1325 te
408 1282 493 1325 nnnc
514 1259 710 1339 dictasunt,
731 1261 865 1326 adverti.
908 1262 1198 1327 lnconvertibilem

145 1367 233 1434 enim
247 1376 318 1433 esse
331 1368 496 1433 affirmasti
509 1381 679 1454 utramque
694 1383 856 1449 naturam,
868 1383 1029 1455 quantum
1050 1370 1097 1434 ad
1117 1392 1200 1435 con·

145 1478 243 1544 traria
256 1490 436 1565 mspectat3
460 1475 700 1541 convertibilem
714 1498 802 1557 vero,
815 1492 974 1564 φιιιιιιιιι
989 1478 1034 1542 ad
1051 1478 1199 1565 propria.

146 1589 222 1675 Ego
236 1609 309 1653 vero
323 1587 407 1666 dico,
422 1587 500 1674 quia
513 1585 568 1671 qui
589 1585 621 1649 in
641 1586 778 1672 propriis
794 1587 939 1666 vertitur,
954 1608 1024 1651 non
1035 1586 1168 1652 excedit
1179 1609 1200 1652 a

146 1723 194 1780 se,
208 1701 265 1766 sed
287 1712 337 1766 est
356 1700 389 1764 in
410 1699 546 1777 eisdem,
561 1697 678 1784 quibus
697 1720 826 1785 semper
847 1715 898 1764 est
916 1700 1202 1767 inconvertibilis·-
1186 1734 1203 1781 ,-

147 1811 204 1900 qni
218 1835 292 1877 vero
306 1811 425 1899 recipit
433 1807 748 1888 convertibilitatem,
763 1809 817 1873 bie
831 1821 922 1873 extra
941 1810 1077 1959 propria
1095 1810 1199 1917 effee-

145 1934 212 2000 tus,
228 1920 376 1985 devenit
367 1943 401 1983 ιιι
415 1921 529 1985 aliena.

156 2031 284 2094 :.XVl
311 2031 477 2094 Junrcas
502 2048 720 2106 orrannum,
736 2025 1000 2093 convertibilitas
1016 2025 1201 2107 illum,cai

147 2138 277 2218 accidit,
292 2139 443 2203 transfert
456 2138 490 2201 in
503 2137 602 2201 alium
614 2161 625 2216 3
646 2148 683 2201 ut
696 2136 724 2200 si
738 2135 897 2217 dicamus,
910 2137 1067 2219 iudaeus,
1079 2140 1108 2204 si
1121 2141 1201 2207 velit

147 2249 217 2315 fieri
240 2247 454 2327 Christianus,
481 2257 538 2310 aut
562 2245 589 2308 si
615 2243 819 2310 Christianus
844 2245 920 2310 velit
942 2267 1013 2310 esse
1039 2248 1198 2328 Gentilis,

145 2361 219 2426 baec
234 2359 355 2446 species
370 2369 421 2422 est
439 2354 725 2432 convertibilitatis,
738 2367 772 2418 et
788 2376 896 2418 causa.
937 2355 1064 2440 Neque
1078 2378 1156 2422 vero
1170 2357 1198 2422 si

147 2470 299 2548 Gentilis,
319 2489 396 2532 cum
418 2466 451 2530 in
473 2464 624 2529 omnibus
645 2463 782 2550 propriis
806 2464 872 2528 suis
894 2477 1039 2544 manent,
1060 2488 1101 2531 ac
1122 2453 1221 2532 Diis

147 2581 213 2647 suis
232 2577 354 2643 hostias
375 2575 500 2652 offerat,
515 2573 709 2659 templisque
729 2594 771 2636 ex
790 2594 882 2636 more
901 2571 1076 2654 deserviat,
1092 2575 1196 2642 donec

147 2701 327 2778 perseverat
341 2686 375 2749 in
388 2683 537 2770 propriis,
549 2694 586 2745 at
596 2680 736 2766 proficit,
750 2679 909 2766 numquid
920 2679 987 2745 dici
1000 2693 1196 2766 potestesse

148 2797 341 2864 conversus?
371 2791 460 2878 Quid
481 2791 582 2875 igitur
601 2789 701 2854 dicis?
717 2789 875 2874 recipiunt
889 2791 1196 2859 convertibilitatem

149 2928 191 2971 an
206 2904 293 2968 non?
324 2902 368 2963 Et
380 2900 574 2962 immorante
587 2898 700 2976 Mane,
715 2897 954 2962 Ancusensis
971 2918 1054 2979 arr,
1071 2900 1108 2964 Si
1124 2901 1195 2989 qui·

149 3014 227 3078 dem
244 3004 497 3072 ”convertibiles
518 3027 588 3069 esse
610 3004 688 3070 dicit
710 3019 861 3092 utrasque
882 3020 1027 3087 naturas,
1042 3009 1195 3094 quidest,

150 3119 239 3210 quod
258 3115 425 3202 impediat,
440 3113 489 3178 uti
507 3134 547 3177 ne
564 3135 664 3176 unum
688 3127 786 3199 atque
806 3114 895 3178 idem
915 3137 970 3179 eas
992 3135 1065 3181 esse
1083 3119 1195 3205 opino-

151 3231 247 3295 mur?
278 3226 313 3290 Si
327 3224 412 3289 enirn
431 3221 686 3287 inconvertibiles
701 3236 787 3301 sunt,
802 3245 867 3287 non
883 3223 979 3288 estin
994 3224 1047 3289 his
1061 3229 1196 3307 naturis,

152 3361 226 3426 quae
247 3335 396 3412 similiter
419 3328 674 3396 inconvertibiles
695 3343 782 3408 sunt,
803 3343 837 3394 et
858 3331 1005 3396 similiter
1028 3334 1195 3421 ingenite,

153 3447 220 3513 ulla
243 3441 405 3522 discretis,
428 3462 532 3527 neque
555 3439 655 3503 altera
676 3460 716 3502 ex
737 3438 787 3502 bis
810 3440 897 3503 bona
917 3442 1122 3525 agnoscitur,
1142 3456 1197 3510 ant

153 3555 250 3623 mala.
294 3551 394 3641 Quod
415 3550 443 3614 si
464 3548 684 3614 convertibiles
707 3559 793 3627 sunt,
809 3547 932 3613 scilicet
951 3552 1123 3634 provenire
1137 3575 1196 3640 po·

154 3678 219 3732 test
233 3676 266 3728 et
280 3663 404 3726 bonnm
424 3658 506 3723 effici
526 3657 661 3737 malum,
675 3667 709 3721 et
730 3656 853 3721 malum
872 3657 1006 3723 bonum.
1048 3660 1090 3725 'Si
1109 3661 1195 3789 epim

155 3926 204 3964 t
220 3912 250 3974 ln
261 3926 347 3972 eodem
358 3924 441 3993 codice
451 3928 502 3970 tam
512 3921 537 3968 in
548 3920 596 3968 hoc
607 3926 730 3966 commate
731 3931 824 3982 ,quam
834 3919 861 3967 in
870 3920 991 3982 sequemb
999 3933 1130 4017 perperam
1139 3921 1194 4019 legi-

187 4171 253 4217 mEt
264 4166 306 4215 hic
316 4165 381 4212 male
391 4163 479 4224 legitur
488 4163 515 4211 in
524 4162 606 4212 codiee
617 4158 753 4220 Casinensi,
762 4168 875 4225 vepera,

187 4253 202 4283 Β
219 4249 284 4312 (For.
294 4240 490 4305 amoribus.)
