2684 4740
153 224 193 289 16
259 269 263 295 ;
490 222 854 295 ANNOTATIONES

150 391 216 459 ime
230 389 362 457 accedat
374 391 574 474 Victorinus,
584 395 641 482 qui
655 395 716 462 sub
732 396 827 463 finem
842 394 952 463 seculi
968 395 1052 467 tertii
1066 398 1196 479 floruita

150 477 198 545 in
218 476 305 543 enim
327 477 382 542 ille
402 476 445 543 de
467 478 593 547 Joanne
612 482 763 568 apostolo
785 483 818 548 in
841 483 1065 553 Commentario
1084 484 1117 551 ci
1133 485 1197 553 ad·

151 560 274 649 scripto
289 561 323 627 in
335 561 570 651 Apocalypsin,
586 586 619 652 p.
635 580 722 633 125³.
738 567 771 633 in
785 566 935 635 Bittiort.
949 567 1110 637 Parisinoe
1124 572 1197 639 PP.

151 661 245 717 tomo
256 648 279 713 i.
293 646 378 713 Nam
390 658 423 713 et
436 649 633 736 evangelium
645 662 754 736 posteo
765 653 901 739 scripsit.
927 654 1008 718 Cum
1020 666 1121 721 errent
1134 656 1200 723 Vo-

151 732 289 799 lentinur
310 744 342 798 et
366 732 552 800 Glerintlnu
572 748 603 800 et
626 734 740 817 Edico,
760 748 791 803 et
813 739 921 805 creteri
941 737 1057 805 sctrloe
1080 740 1200 809 Saldae

151 840 217 900 noe,
233 816 346 906 diffusi
363 834 422 906 per
442 818 557 900 orbem,
578 836 797 889 convenerunt
813 824 855 891 ad
875 825 967 891 illurn
990 823 1034 889 de
1052 825 1220 893 finitimis

151 904 323 991 provinciis
344 926 472 984 omues,
492 918 527 973 et
550 907 791 995 compulerunt,
815 923 853 976 ut
877 910 945 996 ipae
971 910 1198 979 testimonium

150 990 379 1087 conscriberet.
402 991 602 1078 Epiphanius
614 1015 746 1145 guoque
759 994 886 1061 Heres.
895 994 931 1059 li.
945 1017 1036 1063 num.
1053 1010 1100 1061 12.
1115 994 1198 1061 dum

151 1088 310 1142 memorat
332 1077 532 1163 propositum
555 1078 614 1147 illu
659 1077 799 1145 divinam
821 1079 945 1147 Christi
967 1093 1114 1163 naturam
1137 1080 1198 1149 nd-

151 1161 307 1243 struendi,
323 1161 394 1227 hoec
408 1161 549 1228 scribere
562 1163 690 1250 pergit3
711 1166 751 1230 tat
769 1163 864 1254 ὕςεςον
883 1166 1040 1250 ἀναγκάζει
1061 1167 1093 1231 τὸ
1115 1164 1200 1252 byrca

151 1252 269 1331 πνεῦμα
281 1247 329 1311 riv
339 1246 467 1358 :ladrum
479 1247 682 1358 ’‘ft’‘“dt‘fm
693 1251 932 1359 remeabamus
944 1253 977 1315 δι’
988 1248 1134 1316 «omem
1146 1252 1199 1317 rud

151 1333 466 1505 memmi
476 1335 1136 1506 attrectationem:
1149 1336 1198 1414 ⁶¹

152 1500 246 1583 biber
258 1506 293 1589 ab
305 1501 531 1653 ruminatulq.
541 1516 612 1569 434.
625 1504 680 1571 ed.
696 1505 826 1571 Petavii.
869 1505 932 1604 Ait
945 1518 1101 1605 praeterea
1114 1505 1199 1573 Hic·

151 1607 311 1772 {tellit
320 1587 1202 1772 ltittltttttrdttlffidltttlttbl

156 1759 343 1825 Cermtlurm
353 1757 492 1846 ultorque
506 1758 678 1840 hereticos,
692 1770 723 1825 et
738 1760 875 1829 manime
890 1770 964 1825 tunc
976 1696 1201 1827 btonirarum

150 1843 477 1942 dogmaconrurgens,
491 1844 547 1931 qui
561 1855 701 1911 arserunt
715 1845 874 1913 Christum
890 1855 963 1913 onte
976 1845 1123 1913 Mariam
1135 1868 1201 1911 non

143 1928 263 2015 firrrae.
298 1929 421 1997 Eadem
440 1943 563 2009 autem,
579 1951 615 1994 ac
635 1930 740 2016 plura,
756 1931 855 1997 habet
872 1931 957 1999 idem
976 1931 1202 2016 Hieronymus

151 2014 188 2083 in
209 2014 370 2081 Prooemio
387 2014 609 2081 commentarii
626 2029 718 2099 super
734 2014 861 2083 Matri.
879 2039 954 2116 que
972 2015 1059 2081 brevi
1079 2014 1201 2083 istbuic

154 2100 353 2199 Fragmento
368 2100 507 2167 maxime
522 2099 629 2165 affinia
647 2114 735 2167 sunt.
780 2101 830 2167 lbi
845 2123 933 2168 emm
947 2099 1088 2179 additur,
1103 2096 1203 2167 eccle·

152 2183 317 2267 aiastacom
332 2207 466 2265 „nonore
483 2183 658 2265 historiam,
672 2207 750 2253 cum
771 2186 959 2253 afrntribus
976 2199 1147 2284 cogeretur
1161 2196 1204 2251 ut

155 2267 322 2351 scriberet,
336 2268 382 2337 ita
393 2270 555 2337 facturum
570 2292 606 2337 ec
620 2269 832 2356 respondisse,
848 2270 877 2339 ai
890 2270 1013 2337 indicto
1024 2269 1152 2421 {junio
1165 2269 1203 2337 in

154 2376 330 2423 commune
348 2377 463 2423 omnes
481 2356 591 2423 Deum
610 2355 867 2441 deprecarentur,
904 2378 942 2423 uo
962 2370 1022 2452 erp
1054 2367 1096 2434 to,
1113 2376 1203 2421 rene-

155 2440 274 2507 lotione
292 2451 471 2508 saturatum
491 2439 574 2507 illud
592 2441 780 2526 prooerniurn
799 2465 816 2506 e
835 2379 912 2509 credo
931 2461 1055 2507 ventem
1074 2449 1203 2507 eructa·

156 2527 259 2595 visse.-
285 2526 318 2593 in
338 2524 497 2613 principio
515 2539 585 2592 erat
602 2526 771 2605 Verbum;
796 2539 832 2593 et
851 2524 1000 2594 Verbum
1023 2536 1093 2591 erat
1112 2523 1205 2611 apud

154 2613 286 2696 Deum3
302 2624 336 2677 et
349 2613 441 2677 Deus
456 2623 526 2679 erat
538 2611 707 2690 Verbum3
723 2613 800 2677 Hoc
812 2622 883 2678 erat
896 2611 929 2677 in
944 2608 1102 2695 principio
1113 2608 1205 2694 apud

154 2697 279 2766 Deum.
323 2695 425 2760 Quod
438 2707 547 2759 autem
565 2696 606 2759 ad
621 2696 777 2763 indictum
791 2695 952 2793 jejunium
968 2693 1096 2767 attinet,
1112 2694 1204 2794 quod
1229 2716 1232 2723 ·

156 2780 304 2847 nonnulli
322 2800 382 2864 pro
401 2791 553 2864 suspecto
573 2779 768 2858 habuerunt,
783 2801 861 2865 quta
880 2798 977 2844 nemo
991 2791 1066 2845 ante
1080 2780 1206 2847 Htero·

154 2886 294 2966 nymum
312 2862 429 2950 jejunii
447 2861 656 2942 meminisset,
671 2862 742 2950 ejus
762 2885 848 2930 nunc
869 2862 1004 2929 demum
1023 2862 1116 2929 nobie
1136 2874 1206 2929 tee-

157 2963 200 3016 trs
220 2960 271 3014 eet
288 2961 402 3014 auctor
413 2947 474 3012 iste
491 2949 731 3035 Hieronymum
747 2949 875 3014 duobus
891 2948 957 3011 fere
970 2947 1099 3014 seculis
1112 2958 1206 3014 ante-

148 3034 287 3102 cedens.
336 3033 446 3098 Immo
470 3033 569 3099 moris
595 3032 692 3120 hujus
718 3032 887 3119 apostolici
913 3033 947 3096 in
972 3032 1068 3098 rebus
1091 3032 1208 3117 magni

157 3118 317 3187 momenti
341 3117 502 3184 observati
526 3116 652 3184 dabunt
676 3118 860 3204 exemplum
885 3117 985 3184 Actus
1007 3116 1120 3201 Apost.
1147 3137 1206 3182 ca-

157 3204 226 3293 pite
237 3203 437 3285 xiujcomm.
449 3217 500 3269 22.
517 3203 649 3270 Etcum
664 3202 892 3271 constituissent
908 3201 974 3267 illis
990 3217 1048 3286 per
1061 3199 1207 3287 cingam

151 3286 302 3380 ¹ecclesius
319 3286 525 3376 presbyteros,
540 3299 571 3353 et
585 3299 723 3355 orassent
738 3310 816 3356 cum
835 3285 1107 3375 jejunationibus,
1121 3296 1209 3352 com-

158 3374 382 3459 nendmerunt
395 3397 443 3441 eos
458 3373 603 3442 Domino.

205 3461 240 3525 P.
252 3475 284 3525 a.
299 3460 322 3524 l.
337 3474 385 3539 19.
406 3458 596 3526 alterutrum
618 3458 711 3525 nobie
729 3457 929 3541 enarremus]
946 3456 993 3522 Η.
1003 3477 1034 3523 e.
1049 3475 1093 3520 an
1106 3453 1209 3522 fuerit

159 3545 362 3645 euangelium
377 3556 497 3629 rogatu
509 3565 623 3611 eorum
635 3543 918 3620 conscribendum,
931 3561 991 3608 nec
1005 3561 1056 3607 ne.
1158 3621 1166 3639 ⁹

204 3630 290 3698 Ibrd.
305 3628 329 3694 l.
344 3644 393 3695 ao.
416 3629 541 3697 Eadem
562 3641 659 3697 nocte
678 3625 853 3695 revelatum
871 3624 1013 3693 Andrcae
1034 3623 1112 3774 &⁰⁴³
1132 3623 1209 3690 Sm-

159 3716 274 3803 gulare
288 3713 475 3781 narrationis
489 3724 731 3863 argumentum.
756 3711 868 3779 Refert
880 3709 960 3810 quid
973 3710 1079 3777 simile
1115 3709 1209 3776 eto-

160 3800 253 3867 annia
274 3798 451 3885 Evangelio
472 3799 507 3863 S.
558 3799 764 3885 leronymus3
788 3817 846 3863 nec
860 3817 968 3863 minua
981 3795 1071 3861 lectu
1085 3792 1208 3892 dignum

161 3884 280 3963 dehoc
295 3883 465 3963 Eusebius,
478 3883 524 3951 H.
536 3884 580 3949 Ε.
593 3882 650 3954 lib.
663 3882 709 3949 iii.
723 3905 752 3951 c.
765 3894 816 3949 24.
835 3880 979 3947 Unicum
997 3900 1072 3946 vero
1091 3876 1208 3945 nullibi

156 3961 240 4041 ¹alias
258 3981 435 4067 repertum,
451 3967 653 4054 participatio
674 3968 785 4033 Sancti
799 3965 938 4033 Andreae
958 3978 1008 4032 eat
1026 3965 1058 4030 in
1078 3963 1142 4029 hoc
1156 3961 1209 4027 la·

30 4136 33 4142 .
155 4044 463 4139 ,boreEvangehce
493 4052 674 4121 Tamdiuoe
688 4051 835 4119 Andreas
849 4053 1028 4136 superstes?
1055 4045 1209 4114 'sentibus

161 4133 282 4227 quippe
302 4137 459 4242 lluscbio,
475 4159 514 4207 ac
533 4137 905 4225 Hieronymodoannes
923 4157 996 4204 sero
1008 4130 1208 4212 admodum,
