2684 4740
168 403 170 406 ⁴
229 304 478 383 ‚ascusam
499 305 556 371 m
576 285 785 370 qusrrs
804 299 1094 384 orssurnrm.
1122 318 1207 390 225-

149 496 212 562 ego
229 475 300 540 htec
318 475 522 562 indignanter
542 475 688 560 accipio?
727 475 847 540 Nonne
869 484 999 558 oportet
1020 483 1052 537 te
1073 471 1186 536 multi·

148 589 260 675 plicari
275 602 428 676 tanquam
444 587 577 666 zizania,
593 608 761 673 usquequo
776 586 831 650 ille
850 585 920 671 ipse
942 604 1080 670 magnus
1097 596 1188 669 pater

148 711 224 764 tuus
237 697 396 777 adveniat,
421 697 578 762 suscitans
601 708 757 776 mortuos,
779 718 861 782 pene
881 717 983 783 usque
1003 695 1045 760 ad
1065 695 1188 781 gehen·

148 828 222 872 nam
246 819 360 872 omues
380 829 584 893 persequens,
607 808 663 892 qui
685 806 746 870 sibi
769 807 991 891 obtemperare
1014 805 1187 885 noluerint,

148 916 305 1001 plurimos
319 917 482 983 deterrens
498 914 692 1000 arrogantiae
708 928 809 994 metu,
825 937 891 1000 quo
905 926 954 978 est
971 914 1040 999 ipse
1060 914 1187 979 circun-

148 1022 255 1103 datus,
269 1023 340 1091 aliis
355 1023 512 1088 adhibens
528 1023 641 1103 minas,
658 1023 764 1088 vultus
778 1023 828 1087 sui
844 1023 1049 1087 conversione
1071 1036 1106 1088 et
1125 1023 1188 1088 eir·
1214 1046 1217 1051 ’

148 1132 364 1199 conductione
379 1132 563 1197 ludificans:
587 1130 643 1196 sed
664 1131 749 1196 ultra
764 1153 828 1196 non
849 1132 1014 1217 proficiet3
1035 1131 1187 1218 insipien·

149 1241 193 1306 tia
207 1242 295 1308 enim
310 1243 381 1330 ejus
397 1242 548 1307 omnibus
566 1241 754 1327 pervulgata
773 1242 845 1319 erit,
868 1242 974 1306 'sicut
992 1243 1131 1322 Iamnes,
1154 1253 1188 1306 et

150 1350 330 1438 mambres,
373 1354 393 1417 J
399 1373 538 1417 umcss
557 1372 776 1432 mxsnuuu,
799 1353 891 1418 Sicut
912 1373 952 1417 ex
973 1365 1006 1417 te
1027 1351 1187 1439 comperi·

149 1483 235 1541 mus,
248 1471 403 1549 tanquam
418 1461 581 1547 Apostolo
597 1461 697 1526 Paulo
715 1461 853 1541 dicente,
876 1462 1004 1547 insuper
1026 1462 1124 1527 etiam
1145 1461 1187 1526 ab

147 1571 324 1658 Evangelio
335 1572 574 1658 praescribente‚
588 1571 604 1616 ¹¹
615 1571 694 1638 nulli
706 1573 760 1637 alii
773 1595 865 1659 aeque
878 1573 910 1636 in
925 1586 1089 1658 posterum
1102 1594 1187 1658 prae·

148 1680 243 1745 betur
265 1681 429 1768 ingressus
448 1681 490 1746 ad
512 1681 764 1767 praedicandum,
787 1682 837 1746 vel
857 1681 1052 1760 docendum,
1074 1681 1122 1746 vei
1144 1680 1187 1745 ad

148 1791 449 1878 evangelizandum,
464 1791 513 1855 vel
527 1790 785 1876 prophetandum
801 1791 833 1855 in
850 1792 910 1856 hac
934 1791 998 1856 vita
1020 1792 1187 1871 duntaxat,

147 1899 209 1965 nisi
228 1900 312 1965 forte
332 1901 431 1965 falsus
456 1899 618 1985 Propheta
640 1900 808 1979 habeatur,
831 1911 888 1965 aut
911 1901 1010 1965 falsus
1025 1901 1185 1969 Christus.

149 2008 253 2076 Unde.
269 2032 344 2075 oum
369 2010 486 2076 dixeris
507 2011 539 2073 in
561 2008 659 2074 Paulo
680 2009 780 2075 fuisse
801 2010 1005 2091 Paraclitum,
1026 2024 1059 2075 et
1078 2010 1188 2096 ipsum

87 2188 94 2194 ,
144 2120 259 2185 omnia
272 2122 491 2207 consignasse,
508 2142 607 2207 quare
629 2119 721 2199 dixit,
744 2120 818 2184 Ἕω
835 2131 930 2205 porte
950 2121 1074 2200 scimus,
1096 2130 1127 2184 et
1148 2142 1187 2186 ex

145 2240 240 2312 porte
260 2230 504 2316 prophetantes,-
533 2252 603 2293 oum
630 2240 734 2293 autem
757 2230 886 2309 venerit,
910 2229 992 2315 quod
1011 2229 1187 2315 perficium

146 2350 207 2417 est,
222 2338 257 2403 ie
272 2340 354 2425 quod
366 2364 406 2405 ex
416 2350 510 2426 porte
523 2349 570 2403 est
585 2339 788 2404 destruetur?
831 2340 939 2424 Quem
956 2337 1054 2402 alium
1071 2359 1189 2424 expec-

135 2447 312 2528 -tans‚·hoc
326 2448 430 2514 dixit?
469 2441 568 2535 Quod
584 2448 611 2512 si
624 2448 692 2534 ipse
707 2447 1061 2533 confiteturexpectere
1076 2470 1109 2512 se
1127 2447 1187 2513 ali·
1283 2456 1286 2458 ’

147 2578 248 2644 quem
264 2559 467 2645 perfectum3
486 2572 520 2623 et
535 2558 561 2622 si
575 2558 679 2623 venire
694 2556 833 2644 aliquem
845 2577 974 2621 necesse
984 2567 1044 2636 est,
1056 2556 1189 2623 ostende

148 2666 243 2733 nobis
259 2665 381 2754 dequo
396 2666 504 2733 dicati
529 2689 571 2733 ne
585 2670 669 2733 forte
682 2666 715 2732 in
730 2665 817 2732 hunc
836 2666 979 2733 videatur
1001 2667 1062 2732 iste
1082 2690 1188 2736 sermo

148 2785 325 2857 neumare,
340 2777 443 2842 autin
457 2798 547 2857 eum,
563 2777 619 2864 qui
634 2775 722 2841 misit
736 2774 840 2852 illum,
861 2776 1024 2854 Satanam,
1046 2777 1131 2843 sicut
1151 2789 1190 2844 tu

147 2884 243 2953 dicis.
288 2886 323 2952 Si
345 2886 432 2953 enim
452 2887 613 2952 confiteris
629 2899 796 2952 venturum
811 2907 891 2965 esse,
906 2886 994 2974 quod
1009 2889 1202 2974 perfectum⁴

146 3008 210 3074 est,
231 3016 296 3060 non
318 3008 509 3082 potestesse
524 2997 656 3063 Satanas
665 3020 676 3075 3
699 2996 727 3060 si
740 3008 849 3061 autem
864 2997 1014 3061 Satanam
1028 3011 1188 3084 expectas,
1207 3029 1208 3032 ¹

147 3091 215 3170 non
230 3115 421 3192 potestesse
435 3106 625 3192 perfectum.

193 3217 374 3283 XXXVII.
400 3215 640 3281 Ancuaesus
666 3237 793 3281 mxrs.
830 3214 994 3288 Quoniam
1019 3237 1090 3281 non
1121 3217 1189 3282 sine

147 3326 225 3390 Deo
239 3323 425 3403 dictasunt,
443 3347 516 3410 quae
536 3346 556 3387 a
575 3326 676 3389 Beato
698 3322 796 3387 Paulo
818 3319 944 3407 prolata
963 3335 1049 3401 sunt,
1063 3335 1188 3390 certum

146 3446 211 3515 est,
225 3434 314 3521 quod
328 3432 508 3499 Dominum
525 3444 670 3496 nostrum
685 3432 705 3495 J
707 3451 796 3494 esum
814 3428 981 3494 Christum
997 3430 1112 3497 dixerit
1131 3455 1186 3499 ex·

147 3543 344 3630 pectendum
365 3565 434 3608 esse
456 3543 647 3634 perfectum,
661 3539 716 3626 qui
732 3539 818 3604 solus
835 3539 960 3602 Patrem
973 3539 1073 3620 novit,
1087 3554 1120 3608 et
1134 3544 1189 3609 cui

146 3650 287 3720 voluerit
308 3635 460 3731 revelare,
484 3651 568 3716 sieut
591 3670 725 3736 possum
746 3669 786 3712 ex
806 3647 909 3713 verbis
929 3647 1031 3734 ipsius
1052 3649 1188 3718 demon·

145 3773 260 3828 strare.
306 3760 369 3826 Sed
387 3761 473 3848 quia,
497 3781 571 3824 eum
593 3759 714 3824 venerit
735 3757 825 3844 quod
846 3757 1025 3843 perfectum
1048 3772 1108 3839 est,
1129 3759 1188 3827 de·

146 3881 291 3938 struetur
316 3869 349 3935 id
372 3869 461 3957 quod
483 3891 523 3935 ex
547 3879 637 3954 parte
659 3879 738 3946 ests
752 3866 813 3932 iste
836 3886 910 3932 vero
938 3887 1006 3933 sese
1029 3883 1187 3940 asseverat

179 4039 196 4084 k
212 4043 243 4091 ln
254 4042 380 4092 Casinensi
392 4051 437 4102 est,
449 4041 507 4091 nulli
521 4040 567 4090 alio
579 4051 649 4108 ,arque
659 4050 780 4106 patarum,
796 4054 872 4103 quem
885 4039 971 4089 locum
987 4043 1024 4090 uti
1040 4043 1133 4094 editum
1143 4038 1185 4100 'ost

142 4122 283 4184 legendum
293 4122 385 4171 censui.
1084 4118 1085 4121 ¹

311 4229 543 4294 marmoreas.
802 4226 1054 4285 messanam.

193 4333 279 4381 voa.
298 4332 351 4380 rv.
652 4336 677 4377 o
