2684 4740
179 249 230 327 ¹ar
350 302 353 308 Α
530 250 890 337 Atruoranonrs

190 422 213 459 “
227 417 309 505 ligo,
324 418 411 505 quod
433 418 518 484 baud
542 443 643 508 pauca
663 423 695 488 iu
716 446 755 488 eo
771 422 811 488 de
824 423 916 488 libris
929 425 1015 489 Novi
1030 426 1231 493 Testamenti

182 510 213 564 .“
227 517 408 584 occurrant,
427 526 500 591 quae
521 508 725 593 opinionibus
745 509 947 595 quorundam
965 510 1229 578 Christianorum

188 594 214 629 “
227 587 312 653 illius
327 590 429 655 aetatis
445 591 540 677 plane
554 594 734 658 conformia
748 607 834 658 sunt.
862 595 992 659 Scilicet
1007 616 1034 659 1.
1062 597 1231 663 Omitturr-

189 680 280 739 “tur
304 674 336 738 in
362 675 464 740 hocce
487 675 642 744 librorum
666 680 839 743 Sacrorum
863 678 1008 757 Cancne,
1029 701 1048 742 e
1070 679 1169 746 istola·
1178 681 1230 746 'ad

188 764 212 799 “
226 759 398 839 Hebraeos,
412 758 549 846 epistola
561 763 689 842 Jacobi,
701 777 738 853 et
751 764 909 828 Johannis
931 701 1071 850 apostoii
1086 766 1230 833 nonnisi

187 843 298 909 “dure
326 859 634 912 commemorantur.
680 850 753 913 Jam
778 869 852 917 vero
878 863 1059 934 utramque,
1087 850 1129 914 ad
1158 852 1228 922 He-

187 936 210 970 “
224 929 330 995 braeos
350 944 384 996 et
404 931 521 996 Jacobi
538 933 720 1018 epistolam,
735 933 813 1019 quin
836 934 932 998 etiam
954 935 1080 999 tertiam
1102 935 1228 1017 Johan-

187 1020 212 1055 “
226 1015 287 1095 nis,
302 1037 411 1080 versus
424 1017 526 1081 seculi
541 1017 673 1082 secundi
689 1019 797 1097 finem,
810 1038 830 1081 a
844 1019 1039 1104 quibusdam
1054 1019 1086 1083 in
1101 1041 1227 1086 canone

179 1106 211 1161 „“
225 1121 291 1165 non
305 1101 420 1166 relatas
434 1101 543 1181 fuisse,
559 1101 741 1167 clarissimis
757 1104 948 1168 testimoniis
963 1118 1101 1170 constat.
1124 1105 1226 1170 Quod
1249 1168 1253 1176 .

178 1191 210 1237 -“
223 1185 308 1249 enim
323 1185 399 1251 ade
422 1186 551 1251 istolam
570 1186 611 1250 ad
629 1187 788 1251 Hebraeos
803 1189 929 1266 attinet,
945 1211 1018 1252 earn
1032 1189 1074 1252 ab
1090 1191 1226 1270 Irenaeo,

185 1276 256 1335 “et
272 1207 430 1356 discipuib
448 1271 518 1358 ejus
540 1272 664 1358 Hippol
689 1273 736 1351 to,
753 1284 816 1336 non
834 1275 1012 1358 genuinum
1033 1274 1121 1338 Pauli
1140 1272 1162 1340 o'
1188 1298 1225 1340 us

184 1360 208 1395 “
224 1353 366 1421 habitam
382 1357 492 1434 fuisse,
507 1369 643 1422 testatur
658 1296 838 1443 Hepbanus
857 1359 1008 1430 Gobarus
1029 1359 1116 1444 apud
1137 1296 1224 1425 Plio·

183 1447 208 1481 “
223 1440 315 1505 tium.
348 1440 433 1506 Bibl.
451 1441 535 1506 Cod.
547 1456 616 1507 232.
638 1441 678 1506 i'rr
694 1442 856 1518 Ἱππόλυτος
871 1444 919 1508 καὶ
935 1447 1076 1528 Εἰρηναῖος
1089 1448 1138 1520 τὴν
1150 1447 1226 1530 πρὸς

183 1532 209 1566 “
220 1523 366 1612 Ἑὸραῖους
387 1530 514 1605 insertiri
535 1528 667 1606 Παῦλου,
690 1531 739 1591 οὐκ
761 1527 949 1604 irrefrenatam
970 1527 1066 1611 parti.
1100 1528 1224 1614 Hippo-

184 1608 308 1697 “lytris
327 1621 359 1676 et
376 1613 515 1677 Irerraeus
534 1611 697 1696 epistolum
716 1611 813 1676 Pauli
834 1613 876 1677 ad
898 1613 1060 1692 Hebraeos,
1078 1614 1145 1698 q'us
1161 1635 1226 1679 esee

167 1702 208 1768 ‘,“
222 1708 350 1783 negant.
387 1697 472 1763 lbid.
490 1697 574 1762 Cod.
590 1712 658 1761 121.
673 1719 712 1762 ex
729 1697 902 1784 Hippolyti
912 1697 1000 1763 'libro
1014 1699 1224 1764 eontra-Hae·

174 1787 208 1843 .“
221 1802 306 1845 reses
319 1807 328 1846 r
350 1781 427 1868 λέγει
442 1783 469 1846 δὲ
483 1781 563 1846 ἄλλά
577 1781 609 1845 τέ
622 1808 684 1846 τινα
697 1787 744 1858 τῆς
759 1781 900 1867 ἀκριὸιίας
914 1783 1071 1865 λειπόμενα,
1087 1783 1135 1845 sal
1150 1781 1193 1846 ivr
1207 1791 1223 1861 ἡ

182 1872 206 1906 “
219 1891 249 1927 ω
267 1867 293 1940 ὃς
311 1865 458 1952 Ἐἔραῖους
472 1870 583 1945 ints-otri]
598 1871 647 1930 οὐκ
662 1871 703 1939 ier
718 1874 765 1930 τοῦ
779 1867 917 1940 ἄκος-ὅλου
932 1869 1052 1932 Παύλε.
1086 1867 1178 1931 Dicit
1192 1878 1225 1932 et

175 1957 206 2013 .“
221 1892 286 2015 aiio
308 1951 454 2038 quaedam
471 1967 586 2037 purum
608 1962 765 2031 accuratu,
787 1963 818 2016 et
840 1953 923 2038 quod
934 1952 1072 2037 'epistola
1092 1952 1136 2016 ud
1152 1952 1224 2016 He-

171 2042 206 2093 ‹“
220 2033 328 2115 neos,
343 2058 406 2102 non
423 2037 465 2102 sit
486 2035 617 2122 apostoli
632 2036 738 2101 Pauli.
783 2038 835 2101 De
851 2036 935 2101 Caio
949 2038 1137 2186 presbytero
1154 2038 1223 2123 Ro·

181 2127 205 2204 ἲ(
219 2143 329 2199 mano,
343 2123 392 2187 uti
405 2122 438 2187 id
453 2120 522 2209 jam
537 2122 715 2186 observavit
728 2123 942 2201 Muratorius,
957 2125 1042 2187 Euse
1066 2123 1116 2186 ius
1130 2122 1223 2188 Hist.

180 2210 204 2255 ‘l
218 2207 308 2271 Eccl.
324 2206 382 2270 lib.
394 2208 434 2271 vi.
450 2229 521 2294 cap.
533 2221 583 2271 2ο.
600 2208 719 2292 pariter
736 2208 844 2294 refert,
859 2230 934 2272 eum
953 2206 986 2271 in
1002 2207 1224 2292 disputatione

175 2298 204 2343 -“
212 2291 365 2357 adversus
374 2292 540 2370 Proclum,
555 2291 835 2378 Cataphrygarum
852 2292 984 2357 haeresis
998 2299 1223 2378 propugnato·

175 2384 204 2437 .“
219 2399 298 2455 rem,
316 2375 460 2441 tredecim
480 2375 579 2441 sotum
593 2376 839 2460 diviniupostoli
854 2399 1089 2441 commemorare
1103 2375 1222 2476 episto·

170 2468 205 2519 .“
219 2461 278 2542 tar,
291 2485 362 2529 earn
375 2485 448 2550 quae
460 2461 501 2526 ad
513 2463 672 2526 Hebraeos
684 2462 837 2548 inscripta
848 2475 909 2542 est,
921 2484 996 2527 cum
1012 2461 1068 2526 reli
1093 2483 1142 2526 urs
1154 2483 1223 2527 non

176 2555 203 2603 -“
216 2548 441 2613 adnumerans.
487 2546 578 2612 Quid
596 2547 756 2634 Origenes
777 2547 818 2611 de
836 2568 875 2611 ea
886 2547 1024 2612 'senserit
1039 2485 1109 2610 iiie
1123 2565 1224 2632 supra

175 2639 204 2675 “
218 2635 249 2716 ξ.
258 2634 379 2697 xlviii.’'
392 2633 464 2717 (ubi
477 2632 592 2698 de'ista
603 2632 740 2718 epistola
752 2644 905 2718 tanquam
921 2632 1079 2718 opusculo
1094 2644 1224 2696 senten·-

178 2716 257 2783 tiam
280 2717 371 2781 Pauli
389 2719 546 2780 referente
563 2718 698 2781 sensisse
719 2717 907 2802 Origenem,
925 2716 1093 2780 Stoschius
1111 2728 1224 2781 osten-

172 2802 251 2883 ·dit.)
276 2807 299 2839 “
314 2800 493 2885 Epistulam
509 2822 583 2864 vero
596 2801 723 2878 Jacobi,
738 2801 824 2864 circa
839 2801 922 2865 idem
944 2815 1072 2887 tempus
1093 2823 1158 2865 nou
1178 2801 1223 2866 ab

176 2893 204 2939 -“
218 2885 368 2952 omnibus
389 2884 422 2948 in
445 2907 568 2949 canone
590 2885 724 2949 relatam
744 2885 853 2964 fuisse,
874 2885 964 2950 testis
986 2900 1036 2951 est
1059 2885 1223 2951 Eusebius

174 2978 204 3033 .“
218 2971 307 3036 Hist.
317 2969 407 3035 Eccl.
418 2969 475 3034 lib.
488 2968 523 3034 ii.
536 2991 566 3034 c.
579 2983 630 3033 22.
643 2971 677 3034 in
689 2971 761 3034 fine.
790 2971 872 3035 Suae
883 2970 978 3055 pauci
990 2970 1224 3036 admodumtex

178 3063 203 3098 “
216 3055 456 3134 vetustioribus,
472 3057 539 3119 tam
560 3054 651 3138 bajus
671 3054 822 3139 epistolae,
840 3054 1222 3140 recalcitrantem

177 3148 202 3183 “
215 3140 335 3225 etipsa
357 3140 390 3204 in
410 3142 527 3225 septem
546 3139 766 3204 catholicarum
779 3162 912 3204 nummo
933 3149 1115 3218 recensetur,
1132 3158 1221 3204 men*

174 3226 328 3298 §trionem
338 3225 458 3312 ficere.
502 3225 555 3288 De
576 3225 671 3289 tertia
688 3238 801 3289 autem
822 3223 978 3289 Johannis
1000 3235 1220 3297 constateam

176 3311 331 3397 “pariter
350 3334 369 3376 a
390 3309 582 3397 quibusdam
601 3308 732 3373 dubiam
754 3309 908 3374 habitam.
954 3308 1053 3373 Certe
1075 3310 1219 3374 lrenaeus

173 3403 201 3448 -“
213 3397 351 3482 primam
363 3409 397 3461 et
411 3395 582 3474 secundam
596 3394 755 3474 lobannis
768 3395 847 3459 citat
856 3418 871 3471 3·
885 3394 988 3457 tertiae
1001 3405 1110 3457 autem
1124 3413 1220 3456 men·

176 3482 339 3566 “tionem
360 3502 425 3545 non
446 3479 559 3566 injicit.
587 3480 664 3545 Vid'.
685 3480 867 3544 Lardnerus
884 3477 962 3541 Fide
981 3477 1070 3541 Hist.
1088 3477 1220 3563 Evang.

177 3574 199 3609 “
216 3569 300 3632 Part.
312 3568 359 3630 ll.
374 3578 454 3630 tom.
469 3564 491 3627 i.
506 3587 535 3627 c.
549 3563 622 3628 xvii.
637 3585 713 3650 pag.
725 3579 796 3642 301,
807 3563 900 3628 302.’'
932 3564 1016 3626 Haec
1037 3561 1219 3626 Stoscbitrs.

197 3700 205 3716 .
219 3653 273 3717 De
285 3650 415 3737 epistola
430 3671 503 3714 vero
518 3649 565 3713 ad'
574 3647 724 3712 Hebraeos
738 3648 802 3712 hoc
816 3648 910 3711 velim
929 3645 1078 3733 adjicere,
1087 3646 1219 3710 Barna·

243 3758 313 3799 ,non
336 3735 435 3799 Paulo
457 3756 528 3798 eam
551 3732 756 3832 adscripsisse
776 3732 1009 3797 Tertullianum
1030 3730 1065 3793 in
1086 3730 1144 3794 lib.
1164 3730 1220 3821 De

176 3819 349 3897 Pudicitia,
361 3841 391 3884 c.
404 3833 455 3883 2ο.
471 3818 559 3904 quod
573 3830 607 3881 et
622 3819 843 3904 Hieronymus
859 3826 1019 3880 memorat
1033 3814 1074 3878 de
1088 3814 1220 3879 Tertul-

175 3902 263 3980 liduo
277 3903 310 3968 in
323 3903 407 3968 libro
419 3905 472 3967 De
485 3901 572 3967 Viris
582 3900 637 3964 itt.
654 3923 724 3987 cap.
737 3918 767 3966 5.
785 3921 888 3988 neque
904 3902 935 3964 in
950 3901 1108 3964 canonem
1123 3898 1219 3963 Lati-

141 3998 154 4037 ’·
173 4012 292 4057 norum
310 3998 471 4073 receptam
489 3986 625 4051 eandem
644 3986 741 4050 fuisse
758 3986 855 4050 ctiam
876 3984 1072 4084 Hieronymi
1088 3997 1219 4066 tempo-

174 4076 275 4141 ribus.
300 4072 450 4138 Videnda
468 4072 554 4136 enim
569 4071 652 4135 inter
665 4070 745 4135 alios
759 4070 848 4135 locos
862 4069 968 4154 Epist.
985 4091 1056 4154 eyus
1070 4067 1113 4134 ud
1127 4068 1219 4131 Dur·

175 4159 295 4224 dunum
312 4179 346 4245 p.
360 4163 412 4238 69.
431 4155 483 4224 ed.
497 4154 657 4224 Frobenii.
695 4154 851 4226 Attamen
872 4153 964 4221 haud'
981 4155 1123 4234 constat,
1144 4153 1217 4218 Ire·
