2684 4740
243 118 297 185 IN
317 100 793 181 FRAGMENT.INCERT1
816 108 1093 177 SCRIPTORIS.
1150 122 1189 195 15

142 292 304 376 munst,
317 284 495 374 διαφερόντως
509 283 670 364 versiones.
694 281 807 348 Addas
819 280 908 368 quod
924 282 1005 347 Vati.
1018 278 1121 347 Closs.
1132 279 1191 345 ha·

142 378 225 442 bont
238 373 355 452 lisano,
366 372 437 457 jus,
464 371 472 385 ⁴
494 381 587 434 stam.
631 368 731 458 Quod
747 388 822 432 vero
838 366 1073 432 emendaverim
1089 386 1191 431 secum

141 480 203 549 pru
225 456 404 536 numidam,
427 456 435 470 '
462 454 508 520 ud
529 455 665 520 fortasse
686 451 914 518 stabiliendum
936 453 1064 517 exAct.
1079 452 1190 538 Apost.

143 568 195 612 xv.
206 558 262 622 37.
280 540 448 608 Barnabas
467 551 571 606 autem
591 538 712 605 volebat
729 559 840 603 secum
862 559 1024 602 assumere
1042 547 1074 601 et
1091 539 1192 601 Jona-

142 649 230 710 nenr,
247 628 304 717 qui
319 625 593 716 cognominabatur
607 626 750 691 Marcus.
794 624 848 688 De
863 622 985 687 nomine
1004 637 1112 687 autem
1131 640 1191 709 pro

142 715 275 782 numeni
288 712 442 800 reposito
465 710 529 776 hoo
553 709 733 776 notandum
754 720 816 789 est,
840 708 1003 794 scripsisse
1025 721 1192 774 auctorem

136 800 248 889 puolo
263 799 358 878 infru,
370 796 528 862 Jotoones
547 817 600 861 sao
620 795 743 859 nominc
757 804 868 858 canoto
882 792 1074 858 describent.

189 888 226 951 P.
237 899 269 950 3.
284 884 309 949 l.
324 897 372 948 13.
394 881 576 947 Dominum
590 895 699 946 tamen
714 901 774 945 nec
788 880 858 967 ipse
870 878 948 944 vidit
962 877 1036 964 δια]
1051 876 1192 959 Vrdesis,

146 969 337 1070 quaepaulo
350 989 448 1054 supra
461 966 503 1031 de
516 968 577 1032 hac
590 988 625 1031 re
639 964 799 1031 annotavi.

190 1054 279 1121 Ibrd.
294 1054 317 1119 l.
335 1065 383 1118 14.
408 1052 542 1138 potuit‚]
568 1054 642 1116 For.
667 1050 890 1138 hypostigmc,
916 1059 1014 1136 prout
1036 1047 1110 1127 feci,
1132 1067 1193 1135 pro

146 1150 273 1228 puncto
285 1138 364 1224 poni
378 1136 487 1216 debet,
503 1158 609 1237 neque
629 1137 717 1201 enim
735 1136 812 1201 huic
827 1135 902 1201 loco
918 1133 1067 1224 quadam
1084 1134 1195 1200 deesse

145 1244 224 1292 cum
242 1220 459 1289 meindallero
471 1221 723 1287 existimandum
737 1234 797 1287 est.
1034 1228 1037 1233 '

145 1343 150 1349 ·
190 1306 281 1375 Ibid.
302 1309 349 1373 ita
368 1321 404 1372 et
422 1328 443 1371 s
461 1307 628 1372 nativitate
646 1306 804 1372 iohannis
824 1304 946 1391 incipet
960 1303 1080 1391 dicere]
1097 1306 1195 1370 Error

148 1393 267 1461 alumi
280 1414 342 1480 pro
355 1391 478 1478 incipit.
502 1393 798 1457 Fnuuuuneuun.
827 1391 917 1456 Hinc
930 1389 1052 1455 interea
1068 1390 1195 1454 firman·

146 1495 203 1546 'tur
220 1478 333 1567 priora
351 1476 408 1542 illa
426 1477 585 1563 evangelii
604 1479 705 1542 Lucae
725 1477 844 1562 capita,
865 1497 938 1563 quae
958 1474 989 1539 ei
1011 1473 1197 1539 ab‘udicare

148 1564 296 1630 heretici
310 1584 386 1628 eum
400 1574 521 1627 veteres
536 1575 606 1627 tum
620 1561 814 1627 recentiores
827 1560 1018 1648 gestierunt.
1040 1498 1099 1624 list
1112 1581 1196 1645 quo·

148 1671 214 1738 que
227 1660 344 1714 notatu
358 1646 508 1734 dignum,
520 1649 689 1733 agnovisse
703 1646 839 1710 eandem
854 1645 938 1710 hanc
951 1644 1109 1732 evangelii
1123 1665 1198 1731 par·

149 1750 217 1800 tem
240 1750 307 1798 'non
328 1745 454 1798 tantum
473 1754 600 1811 omnes,
617 1753 701 1819 quos
722 1731 775 1796 hio
796 1730 997 1809 memorabo,
1013 1729 1196 1815 scriptores,

148 1819 318 1885 Justinum
346 1819 541 1903 Martyrem‚
570 1818 744 1895 Irenaeum,
773 1817 974 1881 Clementem
1000 1814 1196 1882 Alexandri·

150 1924 243 1983 num,
264 1901 514 1982 Tertullianum,
535 1901 659 1967 lulium
682 1900 886 1981 Alricanum,
912 1901 1101 1986 Origenem,
1127 1899 1197 2002 Cy·

143 1990 313 2077 priunum,
326 1987 559 2067 Novatianum,
574 1991 753 2052 Auctorem
770 1986 913 2072 Compnti
928 1985 966 2051 de
976 1983 1109 2065 Porcia,
1118 1987 1198 2052 Vte-

143 2073 309 2151 urinum,
323 2073 519 2159 Petrumque
529 2071 784 2136 Alexandrinum
799 2072 832 2136 in
848 2071 1198 2138 coronamentum

148 2170 308 2244 regnante
328 2156 495 2222 Hadriano
511 2156 644 2222 Celsum
661 2156 749 2244 apud
766 2156 931 2244 Origenam
945 2156 1002 2222 lib.
1015 2156 1048 2221 ii.
1063 2177 1136 2242 cap.
1147 2171 1197 2221 32.

149 2243 328 2328 medioque
346 2241 466 2306 saeculo
482 2241 579 2307 tertio
597 2241 849 2307 Antitrinitarios
868 2253 999 2307 auctore
1014 2242 1199 2311 Novatiano

149 2327 185 2392 in
198 2327 286 2392 libro
298 2324 350 2389 De
362 2326 451 2390 Tria.
467 2348 538 2414 cap.
550 2339 600 2391 24.
639 2325 734 2391 Adde
747 2327 836 2413 quod
850 2347 890 2390 ex
904 2325 974 2390 aliis
988 2325 1199 2411 scriptoribus

149 2412 265 2478 retulit
281 2410 453 2490 Eusebius,
469 2411 480 2475 i
504 2434 578 2476 sum
596 2414 696 2477 Lucae
713 2409 915 2496 evangelium
936 2431 1000 2473 uua
1020 2430 1096 2476 oum
1116 2410 1200 2475 duo·

150 2497 218 2560 bus
233 2495 343 2561 ulteris
362 2433 537 2596 evangeliis
550 2519 570 2560 a
583 2498 605 2561 J
607 2517 711 2560 oanne
725 2495 875 2581 apostolo
890 2493 989 2558 fuisse
1003 2494 1198 2581 comproba·

144 2594 239 2647 tum.
260 2579 339 2646 Vid.
353 2579 411 2644 lib.
422 2580 467 2644 iir.
480 2581 568 2646 Hist.
583 2602 655 2668 cap.
665 2590 715 2644 24.

196 2665 284 2730 lbid.
300 2664 387 2729 l.15.
411 2666 674 2814 Evanffiiorum]
699 2664 892 2764 Legendum
913 2665 1122 2754 evangelium,
1142 2678 1201 2731 aut

150 2750 265 2900 mlius
291 2748 447 2835 euangelii
471 2749 496 2815 li

553 2772 597 2830 m,
622 2749 668 2815 ait
695 2749 901 2815 Fremdaller.
925 2752 1015 2838 quod
1038 2768 1135 2838 supra
1156 2751 1199 2817 ad

221 2848 253 2898 8.
268 2833 381 2898 habes.
1184 2866 1187 2873 ·

184 2918 286 2983 ibid.
308 2918 333 2983 l.
350 2925 398 2983 16.
421 2940 461 2983 ex
480 2918 664 3007 discipulis]
683 2925 716 2986 ἑκ
737 2929 792 2986 τῶν
814 2927 960 3003 μαθητῶν.
979 2920 1042 2987 vid.
1063 2935 1096 2987 et
1116 2922 1200 2988 infra

150 3003 212 3069 lin.
223 3018 276 3067 2ο.
313 3004 463 3068 Fortasse
484 3007 595 3070 statim
615 3019 690 3092 post
708 3006 896 3092 legendum,
912 3008 945 3071 Is
960 3006 1199 3086 cohortantibus,

150 3108 232 3153 cum
244 3087 362 3152 vocula
377 3088 404 3152 is
418 3110 497 3153 voce
510 3091 719 3156 antecedente
737 3092 891 3178 absorpta
904 3091 1002 3155 fuisse
1017 3092 1171 3159 videatur.

197 3171 288 3237 Ibid.
309 3171 335 3236 l.
356 3184 403 3247 17.
433 3172 690 3247 Cohortantibus
716 3174 944 3262 condiscipulis
968 3187 1003 3240 et
1030 3177 1201 3265 episcopis,

152 3255 223 3320 suis
238 3257 313 3341 δια]
329 3256 512 3322 Confirmat
526 3259 679 3324 Clemens
695 3259 789 3324 Alex.
804 3258 891 3346 apud
905 3259 1083 3338 Eusebium
1096 3261 1143 3328 H.
1156 3262 1201 3328 E.

152 3340 199 3404 vi.
211 3352 259 3404 14.
274 3340 452 3427 scripserat
465 3341 552 3406 enim
566 3343 622 3407 ille
635 3344 668 3408 in
684 3343 940 3431 Hypotyposilrus
951 3345 1029 3424 suis,
1041 3347 1202 3412 loannem

152 3424 592 3515 omnium-evangelistarum
608 3442 822 3514 postremum,
836 3451 912 3494 cum
927 3428 1047 3495 videret
1066 3431 1100 3494 in
1119 3431 1203 3496 alio·

152 3518 229 3574 rum
247 3509 423 3610 evangeliis
443 3532 493 3589 ea,
512 3534 589 3598 qure'
607 3512 648 3576 ad
669 3535 787 3600 eorpus
808 3513 930 3579 Christi
948 3514 1119 3615 pertinent,
1135 3529 1201 3584 trs·

153 3593 226 3659 diu
236 3614 321 3674 esse,
334 3616 442 3681 ipsum
455 3595 564 3662 divino
582 3597 705 3682 Spiritu
722 3598 866 3664 afflatum
882 3598 1047 3685 spiutuale
1061 3612 1201 3687 evange-

152 3678 281 3765 gelium
293 3679 499 3745 familiarium
514 3702 648 3746 suorum
667 3696 785 3769 rogatu
799 3683 1037 3770 conscripsisse.
1081 3687 1203 3750 Narrat

154 3772 191 3912 {t
206 3763 279 3850 ipse
297 3764 373 3829 loco
387 3763 490 3865 modo
504 3777 685 3832 memorato
700 3768 859 3915 Elusebius
873 3768 931 3832 lib.
943 3768 987 3867 iii.
1002 3769 1091 3845 Hist.
1105 3790 1136 3833 c.
1149 3781 1200 3834 24.

156 3851 719 4033 ρ”ιῗῖὲί““1ζὲἳῖζ.ἳῖ.ῗὲιξέἲ’ἰ1ῗ
733 3853 1203 4025 ἓέἓιὲξῗῗῗζῗὲξῖξὲἴεξ

156 4018 375 4106 merangelro
383 4019 564 4088 tradidisse.
583 3958 841 4100 HaecCllsmens,
852 4021 1086 4107 Eusebiusque.
1105 4022 1205 4090 Prox-
