2684 4740
120 3518 123 3525 '
231 3527 319 3583 μενων
332 3502 550 3588 ωαφοιθῆσομας.
578 3501 622 3568 Σὺ
635 3503 662 3563 δὲ
677 3515 717 3565 λοι

242 329 305 402 372
583 314 944 384 annosarrouus

244 502 303 553 aut
323 511 363 551 ne
386 488 436 552 vix
458 486 588 574 quidem
611 489 780 556 dicavisset
795 491 910 576 praesul
924 488 1173 556 Alexandrinus.
1220 492 1288 556 Ne·

245 596 308 660 qne
321 587 429 639 tamen
444 576 520 639 c'urn
535 574 700 639 Baraterio
716 575 868 656 dicerem,
879 576 935 641 illa
950 577 990 641 de
1006 576 1086 663 fuga
1100 600 1161 642 sua
1173 599 1195 642 a
1206 577 1288 642 Dio·

245 659 338 746 nysio
360 674 615 724 commemorata
636 660 778 727 indicare
799 660 886 726 hunc
909 662 1119 727 Timotheum
1142 661 1194 728 vel
1221 663 1288 750 epi·

244 744 1286 923 ruuuruuustreame-snae

245 918 540 1006 Pseudo-Dionysii
554 941 652 1004 opera
669 920 756 982 idem
779 921 963 985 Baraterms
982 922 1173 1006 cognomini
1191 920 1288 986 Alex·

243 1005 378 1069 andrina
393 1004 513 1069 idcirco
530 1008 668 1073 maxime
682 1009 831 1084 asseruit,
845 1007 933 1092 quod
948 1020 981 1071 et
996 1021 1187 1092 personatus
1208 1007 1288 1073 Dio·

243 1090 353 1180 nysius
368 1090 486 1178 scripta
509 1114 567 1156 sua
588 1091 698 1156 omnia
711 1091 842 1178 Τιμοθέῳ
858 1092 1063 1179 nuncupavit,
1101 1115 1179 1158 uern
1195 1097 1287 1158 araia

244 1178 363 1263 passim
389 1193 491 1254 uocat.
545 1180 593 1242 At
614 1200 688 1244 vero
711 1193 901 1262 personatus
922 1178 988 1256 ille,
1012 1117 1193 1265 quilibros
1215 1202 1287 1245 suos

244 1263 415 1350 plerosque
440 1264 600 1328 itasinscri
626 1264 678 1341 sit,
700 1269 749 1350 Τῷ
775 1263 1009 1352 σομπςεσὸοτέφῳ
1035 1265 1166 1350 Τιμοθέῳ
1192 1265 1288 1330 Διονύ·

241 1373 299 1423 οιος
319 1355 332 1412 ὁ
354 1348 554 1435 οιρεσὸύτερος,
574 1286 624 1414 ad
634 1350 745 1415 Titum
765 1372 908 1438 quoque,
928 1373 1064 1430 necnon,
1083 1353 1110 1416 si
1133 1351 1198 1416 diis
1216 1352 1284 1440 pla·

159 1476 167 1486 x
242 1446 306 1514 cet,
332 1436 374 1500 ad
396 1437 555 1500 Joannem
584 1435 768 1500 aostolum
795 1435 946 1521 epistolas
968 1436 1067 1502 misit.
1119 1439 1223 1502 Porro
1248 1437 1286 1503 ad

242 1521 370 1587 dicendi
392 1543 496 1608 genus
522 1543 588 1608 quo
627 1521 761 1601 attinet,
783 1521 938 1622 quicquid
966 1521 1092 1604 monuit
1117 1522 1163 1588 ibi
1190 1524 1286 1590 Bara-

240 1608 353 1688 terius,
378 1606 459 1672 adeo
486 1607 520 1672 id
544 1607 705 1693 discrepat
731 1609 773 1672 ab
798 1621 944 1672 oratione
969 1609 1033 1672 veri
1051 1607 1229 1696 Dionysii,
1253 1623 1285 1691 ut

240 1695 366 1761 nullum
388 1693 463 1759 inde
477 1706 707 1782 argumentum
723 1692 799 1758 duci
814 1707 970 1779 oporteat.
1017 1693 1283 1782 Contraquetaan

238 1780 334 1846 latuit
361 1803 413 1846 res
439 1781 528 1846 istaec
554 1780 728 1845 nonnullos
753 1793 872 1845 veteres
899 1781 1083 1881 scriptores,
1110 1794 1149 1846 ut
1177 1783 1284 1848 trade·

238 1879 321 1945 rent,
341 1867 539 1954 Dionysium
560 1866 818 1932 Alexandrinum
837 1866 871 1930 in
891 1864 944 1931 illa
964 1887 1034 1952 rpsa
1054 1862 1284 1943 Pseudo—Dio·

238 1953 373 2038 nysiana
395 1975 493 2039 opera
518 1953 643 2018 scholia
669 1952 906 2038 conscripsisse.
956 1951 1120 2043 Caeterum
1140 1952 1283 2020 'divisum

238 2038 339 2104 luisse
361 2037 424 2102 hoc
445 2061 528 2124 opus
549 2039 587 2102 de
602 2039 729 2102 Natura
745 2039 778 2103 iu
796 2038 879 2103 duos
898 2038 1012 2103 saltem
1032 2039 1146 2119 libros,
1161 2040 1283 2127 signifi·

237 2138 313 2190 cant
341 2146 407 2188 non
437 2137 563 2190 tantum
591 2124 724 2190 Eusebii
748 2125 844 2190 verba
872 2146 967 2211 supra
993 2123 1145 2204 adducta,
1170 2126 1284 2194 sedet

216 2218 219 2223 “
235 2211 323 2276 idem
344 2222 433 2297 patet
454 2233 493 2276 ex
514 2211 610 2276 titulo
624 2210 727 2298 ῥήοοοις
740 2210 909 2298 cujusdam
926 2211 959 2274 in
973 2210 1086 2295 codice
1101 2208 1207 2277 Msro
1220 2215 1283 2278 Pa·

235 2295 420 2362 rallelorum
433 2295 564 2362 Joaauis
578 2295 742 2376 Monachi,
762 2316 861 2383 quem
883 2296 1013 2361 titulum
1036 2297 1179 2362 invenias
1200 2300 1283 2386 apud

235 2384 523 2448 Montlauconium
547 2384 578 2446 in
604 2381 755 2471 Catalago
778 2381 981 2447 Bibliothecae
1006 2383 1136 2450 Coisliu.
1158 2406 1193 2472 p.
1216 2399 1282 2464 39⁰.

235 2469 294 2536 Est
309 2482 431 2549 autem,
448 2470 591 2534 Διονυσίου
605 2473 704 2546 Ἀλεξ.
722 2470 790 2554 arepi
805 2469 910 2550 φύσεως
923 2467 962 2532 α’.

280 2558 315 2620 Ρ.
330 2569 400 2621 345.
423 2557 445 2620 l.
461 2571 511 2620 22.
534 2554 657 2642 Πότερον
680 2554 706 2618 ἓν
732 2560 773 2628 ter
803 2555 877 2639 δια]
906 2557 991 2706 {pie
1015 2554 1068 2618 hic
1093 2562 1282 2642 sequuntur,

234 2655 353 2730 praeter
368 2644 530 2728 parvulam
546 2643 748 2729 plara-omnia
767 2641 801 2704 in
822 2640 920 2726 capiti
997 2642 1141 2728 quinque
1155 2656 1282 2729 postre-

235 2728 297 2793 mis
312 2728 386 2793 libri
399 2729 459 2792 xiv.
476 2726 725 2814 praeparationis
744 2726 951 2814 Euangelicoe
964 2749 1040 2813 pag.
1054 2739 1125 2804 772.
1143 2749 1216 2817 sqq.
1232 2730 1282 2794 cd.

218 2817 288 2879 ·Fr.
301 2816 415 2900 Vigeri
431 2829 604 2892 servantur,
618 2815 673 2899 qui
689 2814 721 2877 in
737 2813 835 2878 Notis
850 2813 920 2877 haec
936 2813 1069 2891 scribit3
1092 2820 1116 2852 “
1130 2814 1282 2881 Pulcher·

235 2908 258 2941 “
272 2901 391 2964 rimum
412 2902 475 2964 hoc
499 2902 532 2963 S.
550 2902 650 2963 Patris
673 2901 906 2986 fragmentum,
924 2899 1013 2984 quod
1034 2899 1074 2962 ad
1095 2899 1172 2965 libri
1187 2900 1282 2989 hujus

218 2993 261 3026 ·“
275 2986 338 3049 xiv.
355 2987 448 3049 linem
464 2985 663 3070 perducitur,
678 2985 869 3049 Eusebianae
890 2985 1066 3070 diligentiae
1087 2986 1282 3052 bene-licium

233 3078 256 3113 “
272 3082 333 3148 est,
348 3093 414 3170 quo
433 3071 564 3156 alioqui,
582 3084 699 3156 praeter
720 3071 783 3135 alia
804 3070 954 3156 pleraque
977 3071 1206 3154 sapientissimi
1228 3074 1283 3138 vi‘ri

235 3163 261 3198 “
277 3169 488 3235 monimenta,
507 3158 724 3221 careremus.''
751 3158 844 3242 'Ipse
872 3172 981 3221 autem
1009 3158 1170 3222 Eusebius
1196 3160 1282 3248 pluas

231 3243 451 3331 Dionysianas
475 3244 562 3308 hunc
589 3243 622 3306 in
648 3243 784 3308 modum
810 3242 946 3307 induxit.
981 3248 1120 3307 Τοῦτοὸ
1144 3245 1281 3310 Πλάτων.

231 3329 314 3416 Ἐγὼ
328 3328 356 3392 δέ
372 3355 416 3393 σοι
432 3330 479 3393 καὶ
495 3328 652 3408 Διονυσίου,
668 3336 716 3405 τῆς
733 3332 809 3393 κατὰ
825 3329 931 3416 Χςιςὸν
944 3328 1111 3410 φιλοσοφίας
1133 3329 1280 3396 exentera

205 3454 211 3479 ι
232 3416 336 3504 ἀνδρὸς,
349 3418 404 3479 ἀπὸ
419 3416 553 3501 thlaspi
569 3415 675 3498 φύσεως
690 3419 747 3502 βροι
774 3414 805 3477 εὀο
820 3422 874 3477 τῶν
888 3416 963 3498 πρὸς
975 3413 1142 3500 Ἐπίκουρον
1157 3421 1283 3504 ἀπειρη-

260 3501 268 3524 ’
718 3441 772 3565 dli
784 3501 927 3586 ἀνάγνωθι
942 3503 994 3574 τοὶς
1010 3499 1079 3575 iras
1096 3500 1213 3586 ἔχὲσοις
1226 3507 1278 3567 ari-

229 3593 279 3651 τοῦ
295 3588 394 3669 φωνάς.
429 3588 592 3651 Hactenus
608 3586 713 3650 Plato.
745 3586 838 3650 Nunc
850 3585 947 3670 juvat
965 3586 1061 3650 etiam
1075 3608 1116 3650 ea
1130 3587 1280 3676 Dionysii

217 3672 374 3759 ‘episcopi
391 3673 522 3738 heminis
538 3671 749 3738 Christianam
767 3670 995 3757 philosophiam
1014 3671 1164 3758 professi,
1180 3691 1279 3760 apere,

231 3759 314 3848 quod
334 3759 372 3821 ele
391 3760 517 3824 Natura
539 3758 729 3843 conscripsit,
752 3773 855 3843 pauca
871 3757 1048 3844 quaedam-e
1062 3758 1186 3840 multis,
1203 3779 1277 3849 'pure

216 3846 377 3910 'adverus
402 3845 577 3930 Epicurum
602 3844 753 3929 disputat,
777 3843 970 3931 uthjuagere.
1018 3843 1065 3921 Tu
1090 3845 1191 3917 uerba-
1212 3847 1277 3932 ejas

230 3931 387 4018 ipsissima
403 3930 538 4020 perlege.
580 3932 667 3996 Tum
681 3952 757 3994 vero
772 3931 870 4016 capiti
884 3945 933 3994 23.
957 3950 1024 4016 quo
1043 3931 1151 4016 prima
1172 3933 1277 3998 conti·

137 4081 143 4093 ,
229 4031 323 4083 netur
335 4023 423 4103 ῥῆσις,
439 4017 492 4080 hic
509 4015 623 4082 titulus
638 4017 788 4102 praefixus
804 4028 853 4080 est
862 4039 872 4094 3
890 4017 968 4109 Πςός
982 4017 1044 4091 τοὺς
1060 4021 1125 4081 κατ’
1140 4018 1274 4084 Ἐπίκου-

215 4118 272 4191 “φοι
292 4103 424 4188 πρόνοιαν
445 4103 496 4185 μὲν
511 4101 675 4186 ἐφιεμένοις,
697 4103 814 4185 ἀτόμοις·
832 4103 859 4164 δὲ
881 4103 1011 4184 σώμασιν
1031 4104 1219 4180 ἀνατιθέντας
1243 4107 1273 4168 ri

140 4253 143 4260 ,
228 4196 301 4257 σοῖν.
324 4189 378 4252 ἀπὸ
395 4195 449 4253 τῶν
463 4189 652 4274 περὶφύσεως
664 4188 808 4252 Διονυσίου
821 4194 869 4251 τοῦ
884 4187 1032 4259 iniuriam
1047 4190 1272 4278 'alstemum

227 4276 385 4341 Adueruts
400 4275 579 4361 Epicureos,
596 4275 651 4362 qui
671 4285 701 4338 et
718 4272 948 4360 prouidentiam
964 4272 1128 4359 tollebant,
1143 4287 1177 4341 et
1189 4275 1272 4341 iadi-
