<?xml version="1.0" encoding="UTF-8"?>
<!DOCTYPE html PUBLIC "-//W3C//DTD XHTML 1.0 Transitional//EN"
    "http://www.w3.org/TR/xhtml1/DTD/xhtml1-transitional.dtd">
<html xmlns="http://www.w3.org/1999/xhtml" xml:lang="en" lang="en">
 <head>
  <title>
</title>
<meta http-equiv="Content-Type" content="text/html;charset=utf-8" />
  <meta name='ocr-system' content='tesseract 3.04.00' />
  <meta name='ocr-capabilities' content='ocr_page ocr_carea ocr_par ocr_line ocrx_word'/>
</head>
<body>
  <div class='ocr_page' id='page_1' title='image "./reliquiaesacrae10routgoog_0136.png"; bbox 0 0 2684 4740; ppageno 0'>
   <div class='ocr_carea' id='block_1_1' title="bbox 509 310 1197 401">
    <p class='ocr_par' dir='ltr' id='par_1_1' title="bbox 509 310 1197 401">
     <span class='ocr_line' id='line_1_1' title="bbox 509 310 1197 401; baseline 0.006 -25"><span class='ocrx_word' id='word_1_1' title='bbox 509 310 844 379; x_wconf 85' lang='lat' dir='ltr'><strong>ARCHELAUS.</strong></span> <span class='ocrx_word' id='word_1_2' title='bbox 1137 334 1197 401; x_wconf 86' lang='lat'><strong>131</strong></span> 
     </span>
    </p>
   </div>
   <div class='ocr_carea' id='block_1_2' title="bbox 154 484 1193 644">
    <p class='ocr_par' dir='ltr' id='par_1_2' title="bbox 154 484 1193 644">
     <span class='ocr_line' id='line_1_2' title="bbox 154 484 1193 563; baseline 0.004 -20"><span class='ocrx_word' id='word_1_3' title='bbox 154 487 206 545; x_wconf 86' lang='lat' dir='ltr'><strong>sed</strong></span> <span class='ocrx_word' id='word_1_4' title='bbox 218 497 362 546; x_wconf 75' lang='lat' dir='ltr'><strong>testantur</strong></span> <span class='ocrx_word' id='word_1_5' title='bbox 374 485 461 542; x_wconf 88' lang='lat' dir='ltr'><strong>etiam</strong></span> <span class='ocrx_word' id='word_1_6' title='bbox 475 485 654 563; x_wconf 85' lang='lat' dir='ltr'>Epiphanius</span> <span class='ocrx_word' id='word_1_7' title='bbox 668 486 784 561; x_wconf 77' lang='lat' dir='ltr'><strong>(Epiph.</strong></span> <span class='ocrx_word' id='word_1_8' title='bbox 797 485 877 542; x_wconf 78' lang='lat' dir='ltr'><strong>Her.</strong></span> <span class='ocrx_word' id='word_1_9' title='bbox 890 484 1047 545; x_wconf 77' lang='lat' dir='ltr'><strong>lavinum.</strong></span> <span class='ocrx_word' id='word_1_10' title='bbox 1058 488 1087 544; x_wconf 87' lang='lat'><strong>5.</strong></span> <span class='ocrx_word' id='word_1_11' title='bbox 1099 496 1127 543; x_wconf 90' lang='lat' dir='ltr'><strong>et</strong></span> <span class='ocrx_word' id='word_1_12' title='bbox 1139 487 1193 556; x_wconf 83' lang='grc'>7.),</span> 
     </span>
     <span class='ocr_line' id='line_1_3' title="bbox 155 565 1191 644; baseline -0.001 -18"><span class='ocrx_word' id='word_1_13' title='bbox 155 569 289 626; x_wconf 78' lang='lat' dir='ltr'><strong>Socrates</strong></span> <span class='ocrx_word' id='word_1_14' title='bbox 306 569 427 644; x_wconf 76' lang='lat' dir='ltr'><strong>(Socrui.</strong></span> <span class='ocrx_word' id='word_1_15' title='bbox 444 566 521 622; x_wconf 89' lang='lat' dir='ltr'><strong>Hist.</strong></span> <span class='ocrx_word' id='word_1_16' title='bbox 539 566 618 622; x_wconf 78' lang='lat' dir='ltr'><strong>Eccl,</strong></span> <span class='ocrx_word' id='word_1_17' title='bbox 640 565 690 622; x_wconf 92' lang='lat' dir='ltr'><strong>lib.</strong></span> <span class='ocrx_word' id='word_1_18' title='bbox 705 569 723 623; x_wconf 91' lang='lat' dir='ltr'><strong>i.</strong></span> <span class='ocrx_word' id='word_1_19' title='bbox 744 585 806 642; x_wconf 90' lang='lat' dir='ltr'><strong>cap.</strong></span> <span class='ocrx_word' id='word_1_20' title='bbox 822 567 885 638; x_wconf 80' lang='lat'>22.)</span> <span class='ocrx_word' id='word_1_21' title='bbox 909 575 939 621; x_wconf 91' lang='lat' dir='ltr'><strong>et</strong></span> <span class='ocrx_word' id='word_1_22' title='bbox 957 567 1077 623; x_wconf 91' lang='lat' dir='ltr'><strong>Photius</strong></span> <span class='ocrx_word' id='word_1_23' title='bbox 1093 569 1191 640; x_wconf 82' lang='lat' dir='ltr'><strong>(Phot.</strong></span> 
     </span>
    </p>
   </div>
   <div class='ocr_carea' id='block_1_3' title="bbox 147 645 1280 721">
    <p class='ocr_par' dir='ltr' id='par_1_3' title="bbox 147 645 1280 721">
     <span class='ocr_line' id='line_1_4' title="bbox 147 645 1280 721; baseline 0.004 -22"><span class='ocrx_word' id='word_1_24' title='bbox 147 647 205 707; x_wconf 91' lang='lat' dir='ltr'><strong>lib.</strong></span> <span class='ocrx_word' id='word_1_25' title='bbox 220 651 240 707; x_wconf 87' lang='lat' dir='ltr'><strong>i.</strong></span> <span class='ocrx_word' id='word_1_26' title='bbox 255 650 319 706; x_wconf 80' lang='lat' dir='ltr'><strong>adr.</strong></span> <span class='ocrx_word' id='word_1_27' title='bbox 333 647 477 714; x_wconf 88' lang='lat' dir='ltr'><strong>Manich.)</strong></span> <span class='ocrx_word' id='word_1_28' title='bbox 493 669 499 701; x_wconf 91' lang='lat'>:</span> <span class='ocrx_word' id='word_1_29' title='bbox 523 656 555 701; x_wconf 91' lang='lat' dir='ltr'><strong>ut</strong></span> <span class='ocrx_word' id='word_1_30' title='bbox 568 656 720 721; x_wconf 90' lang='lat' dir='ltr'><strong>propterea</strong></span> <span class='ocrx_word' id='word_1_31' title='bbox 735 645 802 721; x_wconf 85' lang='lat' dir='ltr'><strong>jure</strong></span> <span class='ocrx_word' id='word_1_32' title='bbox 820 655 922 720; x_wconf 82' lang='lat' dir='ltr'><strong>arguat</strong></span> <span class='ocrx_word' id='word_1_33' title='bbox 940 645 1120 704; x_wconf 88' lang='lat' dir='ltr'><strong>doctissimus</strong></span> <span class='ocrx_word' id='word_1_34' title='bbox 1134 649 1191 704; x_wconf 89' lang='lat' dir='ltr'><strong>As-</strong></span> <span class='ocrx_word' id='word_1_35' title='bbox 1275 661 1280 665; x_wconf 85' lang='grc'><em>“</em></span> 
     </span>
    </p>
   </div>
   <div class='ocr_carea' id='block_1_4' title="bbox 141 725 1190 4247">
    <p class='ocr_par' dir='ltr' id='par_1_4' title="bbox 146 725 1190 1126">
     <span class='ocr_line' id='line_1_5' title="bbox 153 725 1189 804; baseline 0.003 -22"><span class='ocrx_word' id='word_1_36' title='bbox 153 746 289 786; x_wconf 87' lang='lat' dir='ltr'><strong>semanus</strong></span> <span class='ocrx_word' id='word_1_37' title='bbox 305 731 458 804; x_wconf 81' lang='lat' dir='ltr'><strong>(Asseman.</strong></span> <span class='ocrx_word' id='word_1_38' title='bbox 472 725 549 783; x_wconf 91' lang='lat' dir='ltr'><strong>Bibl.</strong></span> <span class='ocrx_word' id='word_1_39' title='bbox 564 726 678 784; x_wconf 87' lang='lat' dir='ltr'><strong>Orient.</strong></span> <span class='ocrx_word' id='word_1_40' title='bbox 691 735 762 784; x_wconf 89' lang='lat' dir='ltr'><strong>tom.</strong></span> <span class='ocrx_word' id='word_1_41' title='bbox 777 728 796 782; x_wconf 89' lang='lat' dir='ltr'><strong>i.</strong></span> <span class='ocrx_word' id='word_1_42' title='bbox 816 746 881 803; x_wconf 84' lang='lat' dir='ltr'><strong>pag.</strong></span> <span class='ocrx_word' id='word_1_43' title='bbox 896 728 979 794; x_wconf 87' lang='grc'><strong>555.)</strong></span> <span class='ocrx_word' id='word_1_44' title='bbox 996 728 1189 795; x_wconf 90' lang='lat' dir='ltr'><strong>statuendum,</strong></span> 
     </span>
     <span class='ocr_line' id='line_1_6' title="bbox 147 806 1190 883; baseline 0.001 -20"><span class='ocrx_word' id='word_1_45' title='bbox 147 808 183 864; x_wconf 84' lang='lat' dir='ltr'><strong>in</strong></span> <span class='ocrx_word' id='word_1_46' title='bbox 199 811 287 866; x_wconf 88' lang='lat' dir='ltr'><strong>unico</strong></span> <span class='ocrx_word' id='word_1_47' title='bbox 300 810 440 865; x_wconf 89' lang='lat' dir='ltr'><strong>Actorum</strong></span> <span class='ocrx_word' id='word_1_48' title='bbox 454 807 519 863; x_wconf 93' lang='lat' dir='ltr'><strong>loco</strong></span> <span class='ocrx_word' id='word_1_49' title='bbox 535 807 658 879; x_wconf 84' lang='lat' dir='ltr'><strong>(Archel.</strong></span> <span class='ocrx_word' id='word_1_50' title='bbox 673 807 740 862; x_wconf 91' lang='lat' dir='ltr'><strong>Act.</strong></span> <span class='ocrx_word' id='word_1_51' title='bbox 755 808 884 882; x_wconf 83' lang='lat' dir='ltr'><strong>capili.)</strong></span> <span class='ocrx_word' id='word_1_52' title='bbox 900 806 1079 863; x_wconf 84' lang='lat' dir='ltr'><strong>librariorum</strong></span> <span class='ocrx_word' id='word_1_53' title='bbox 1093 810 1190 883; x_wconf 90' lang='lat' dir='ltr'><strong>potius</strong></span> 
     </span>
     <span class='ocr_line' id='line_1_7' title="bbox 146 885 1189 963; baseline 0.002 -19"><span class='ocrx_word' id='word_1_54' title='bbox 146 907 251 946; x_wconf 80' lang='lat' dir='ltr'><strong>errore</strong></span> <span class='ocrx_word' id='word_1_55' title='bbox 267 891 400 946; x_wconf 62' lang='lat' dir='ltr'><strong>Char’ram</strong></span> <span class='ocrx_word' id='word_1_56' title='bbox 413 888 549 963; x_wconf 91' lang='lat' dir='ltr'><strong>scriptum</strong></span> <span class='ocrx_word' id='word_1_57' title='bbox 565 885 663 952; x_wconf 85' lang='lat' dir='ltr'><strong>fuisse,</strong></span> <span class='ocrx_word' id='word_1_58' title='bbox 679 905 765 961; x_wconf 89' lang='lat' dir='ltr'><strong>quam</strong></span> <span class='ocrx_word' id='word_1_59' title='bbox 783 887 1003 943; x_wconf 85' lang='lat' dir='ltr'><strong>existimandum</strong></span> <span class='ocrx_word' id='word_1_60' title='bbox 1022 888 1189 947; x_wconf 85' lang='lat' dir='ltr'><strong>mendosam</strong></span> 
     </span>
     <span class='ocr_line' id='line_1_8' title="bbox 151 967 1189 1043; baseline -0.001 -16"><span class='ocrx_word' id='word_1_61' title='bbox 151 987 217 1026; x_wconf 83' lang='lat' dir='ltr'><strong>esse</strong></span> <span class='ocrx_word' id='word_1_62' title='bbox 231 969 384 1026; x_wconf 82' lang='lat' dir='ltr'><strong>lectionem</strong></span> <span class='ocrx_word' id='word_1_63' title='bbox 400 969 519 1024; x_wconf 82' lang='lat' dir='ltr'><strong>Cuschur</strong></span> <span class='ocrx_word' id='word_1_64' title='bbox 531 967 615 1022; x_wconf 92' lang='lat' dir='ltr'><strong>initio</strong></span> <span class='ocrx_word' id='word_1_65' title='bbox 630 967 794 1023; x_wconf 84' lang='lat' dir='ltr'><strong>eorumdem</strong></span> <span class='ocrx_word' id='word_1_66' title='bbox 807 968 957 1033; x_wconf 90' lang='lat' dir='ltr'><strong>Actorum,</strong></span> <span class='ocrx_word' id='word_1_67' title='bbox 971 976 1001 1022; x_wconf 92' lang='lat' dir='ltr'><strong>et</strong></span> <span class='ocrx_word' id='word_1_68' title='bbox 1013 968 1088 1043; x_wconf 88' lang='lat' dir='ltr'><strong>apud</strong></span> <span class='ocrx_word' id='word_1_69' title='bbox 1102 968 1189 1026; x_wconf 85' lang='lat' dir='ltr'><strong>modo</strong></span> 
     </span>
     <span class='ocr_line' id='line_1_9' title="bbox 152 1046 1189 1126; baseline 0 -22"><span class='ocrx_word' id='word_1_70' title='bbox 152 1047 287 1107; x_wconf 86' lang='lat' dir='ltr'><strong>laudatos</strong></span> <span class='ocrx_word' id='word_1_71' title='bbox 297 1058 465 1126; x_wconf 82' lang='lat' dir='ltr'><strong>praestantes</strong></span> <span class='ocrx_word' id='word_1_72' title='bbox 477 1056 606 1103; x_wconf 77' lang='lat' dir='ltr'><strong>auctores</strong></span> <span class='ocrx_word' id='word_1_73' title='bbox 608 1046 833 1123; x_wconf 87' lang='lat' dir='ltr'><strong>‚Epiphanium,</strong></span> <span class='ocrx_word' id='word_1_74' title='bbox 845 1047 991 1102; x_wconf 81' lang='lat' dir='ltr'><strong>Socratem</strong></span> <span class='ocrx_word' id='word_1_75' title='bbox 1002 1058 1031 1102; x_wconf 88' lang='lat' dir='ltr'><strong>et</strong></span> <span class='ocrx_word' id='word_1_76' title='bbox 1042 1047 1189 1107; x_wconf 89' lang='lat' dir='ltr'><strong>Photium.</strong></span> 
     </span>
    </p>

    <p class='ocr_par' dir='ltr' id='par_1_5' title="bbox 144 1126 1188 1447">
     <span class='ocr_line' id='line_1_10' title="bbox 144 1126 1188 1223; baseline 0.002 -39.012"><span class='ocrx_word' id='word_1_77' title='bbox 144 1130 251 1204; x_wconf 86' lang='lat' dir='ltr'><strong>Atque</strong></span> <span class='ocrx_word' id='word_1_78' title='bbox 273 1130 335 1186; x_wconf 81' lang='lat' dir='ltr'><strong>haec</strong></span> <span class='ocrx_word' id='word_1_79' title='bbox 353 1127 441 1223; x_wconf 88' lang='lat' dir='ltr'><strong>plane</strong></span> <span class='ocrx_word' id='word_1_80' title='bbox 462 1127 571 1183; x_wconf 88' lang='lat' dir='ltr'><strong>diversa</strong></span> <span class='ocrx_word' id='word_1_81' title='bbox 593 1137 636 1181; x_wconf 88' lang='lat' dir='ltr'><strong>est</strong></span> <span class='ocrx_word' id='word_1_82' title='bbox 657 1146 674 1182; x_wconf 83' lang='lat' dir='ltr'><strong>a</strong></span> <span class='ocrx_word' id='word_1_83' title='bbox 693 1126 849 1182; x_wconf 89' lang='lat' dir='ltr'><strong>Charris&#39;</strong></span> <span class='ocrx_word' id='word_1_84' title='bbox 827 1145 886 1181; x_wconf 80' lang='lat' dir='ltr'><strong>sive</strong></span> <span class='ocrx_word' id='word_1_85' title='bbox 905 1126 1016 1192; x_wconf 90' lang='lat' dir='ltr'><strong>Haran,</strong></span> <span class='ocrx_word' id='word_1_86' title='bbox 1033 1129 1188 1208; x_wconf 77' lang='lat' dir='ltr'><strong>provinciae</strong></span> 
     </span>
     <span class='ocr_line' id='line_1_11' title="bbox 152 1205 1188 1283; baseline 0.001 -19"><span class='ocrx_word' id='word_1_87' title='bbox 152 1208 321 1266; x_wconf 84' lang='lat' dir='ltr'><strong>Osrhoeues</strong></span> <span class='ocrx_word' id='word_1_88' title='bbox 335 1209 451 1264; x_wconf 84' lang='lat' dir='ltr'><strong>civitate</strong></span> <span class='ocrx_word' id='word_1_89' title='bbox 465 1206 556 1262; x_wconf 84' lang='lat' dir='ltr'><strong>altera</strong></span> <span class='ocrx_word' id='word_1_90' title='bbox 567 1206 643 1262; x_wconf 84' lang='lat' dir='ltr'><strong>haud</strong></span> <span class='ocrx_word' id='word_1_91' title='bbox 658 1206 759 1283; x_wconf 92' lang='lat' dir='ltr'><strong>procul</strong></span> <span class='ocrx_word' id='word_1_92' title='bbox 776 1205 812 1262; x_wconf 87' lang='lat' dir='ltr'><strong>ab</strong></span> <span class='ocrx_word' id='word_1_93' title='bbox 831 1206 979 1282; x_wconf 87' lang='lat' dir='ltr'><strong>Euphrate</strong></span> <span class='ocrx_word' id='word_1_94' title='bbox 998 1208 1112 1283; x_wconf 85' lang='lat' dir='ltr'><strong>posita.</strong></span> <span class='ocrx_word' id='word_1_95' title='bbox 1135 1227 1188 1265; x_wconf 89' lang='lat' dir='ltr'><strong>uec</strong></span> 
     </span>
     <span class='ocr_line' id='line_1_12' title="bbox 149 1286 1187 1366; baseline -0.001 -21"><span class='ocrx_word' id='word_1_96' title='bbox 149 1288 238 1366; x_wconf 84' lang='lat' dir='ltr'><strong>louge</strong></span> <span class='ocrx_word' id='word_1_97' title='bbox 260 1289 343 1347; x_wconf 81' lang='lat' dir='ltr'><strong>abest</strong></span> <span class='ocrx_word' id='word_1_98' title='bbox 363 1286 514 1363; x_wconf 86' lang='lat' dir='ltr'><strong>Babylone</strong></span> <span class='ocrx_word' id='word_1_99' title='bbox 534 1295 563 1342; x_wconf 91' lang='lat' dir='ltr'><strong>et</strong></span> <span class='ocrx_word' id='word_1_100' title='bbox 584 1286 723 1352; x_wconf 84' lang='lat' dir='ltr'><strong>Seleucia,</strong></span> <span class='ocrx_word' id='word_1_101' title='bbox 745 1305 804 1343; x_wconf 90' lang='lat' dir='ltr'><strong>uon</strong></span> <span class='ocrx_word' id='word_1_102' title='bbox 826 1287 976 1342; x_wconf 88' lang='lat' dir='ltr'><strong>Amideusi</strong></span> <span class='ocrx_word' id='word_1_103' title='bbox 996 1286 1187 1364; x_wconf 71' lang='lat' dir='ltr'><strong>metropolite</strong></span> 
     </span>
     <span class='ocr_line' id='line_1_13' title="bbox 150 1365 1186 1447; baseline 0 -23"><span class='ocrx_word' id='word_1_104' title='bbox 150 1368 293 1447; x_wconf 85' lang='lat' dir='ltr'><strong>subjecta,</strong></span> <span class='ocrx_word' id='word_1_105' title='bbox 308 1369 357 1425; x_wconf 86' lang='lat' dir='ltr'><strong>sed</strong></span> <span class='ocrx_word' id='word_1_106' title='bbox 371 1370 500 1445; x_wconf 86' lang='lat' dir='ltr'><strong>proxime</strong></span> <span class='ocrx_word' id='word_1_107' title='bbox 514 1365 687 1423; x_wconf 88' lang='lat' dir='ltr'><strong>Seleucieusi</strong></span> <span class='ocrx_word' id='word_1_108' title='bbox 704 1366 858 1432; x_wconf 86' lang='lat' dir='ltr'><strong>catholico,</strong></span> <span class='ocrx_word' id='word_1_109' title='bbox 872 1377 904 1421; x_wconf 94' lang='lat' dir='ltr'><strong>ut</strong></span> <span class='ocrx_word' id='word_1_110' title='bbox 926 1375 1039 1423; x_wconf 86' lang='lat' dir='ltr'><strong>constat</strong></span> <span class='ocrx_word' id='word_1_111' title='bbox 1058 1387 1094 1424; x_wconf 87' lang='lat' dir='ltr'><strong>ex</strong></span> <span class='ocrx_word' id='word_1_112' title='bbox 1112 1387 1186 1445; x_wconf 91' lang='lat' dir='ltr'><strong>pou-</strong></span> 
     </span>
    </p>

    <p class='ocr_par' dir='ltr' id='par_1_6' title="bbox 149 1446 1187 1604">
     <span class='ocr_line' id='line_1_14' title="bbox 149 1446 1187 1523; baseline 0.002 -19"><span class='ocrx_word' id='word_1_113' title='bbox 149 1449 250 1506; x_wconf 85' lang='lat' dir='ltr'><strong>tificali</strong></span> <span class='ocrx_word' id='word_1_114' title='bbox 266 1449 464 1505; x_wconf 81' lang='lat' dir='ltr'><strong>Chaldaeorum</strong></span> <span class='ocrx_word' id='word_1_115' title='bbox 487 1448 563 1523; x_wconf 85' lang='lat' dir='ltr'><strong>apud</strong></span> <span class='ocrx_word' id='word_1_116' title='bbox 580 1446 728 1502; x_wconf 90' lang='lat' dir='ltr'><strong>Morinum</strong></span> <span class='ocrx_word' id='word_1_117' title='bbox 744 1448 860 1519; x_wconf 74' lang='lat' dir='ltr'><strong>(Morio.</strong></span> <span class='ocrx_word' id='word_1_118' title='bbox 882 1447 916 1502; x_wconf 89' lang='lat' dir='ltr'><strong>de</strong></span> <span class='ocrx_word' id='word_1_119' title='bbox 933 1447 1010 1503; x_wconf 84' lang='lat' dir='ltr'><strong>Sacr.</strong></span> <span class='ocrx_word' id='word_1_120' title='bbox 1026 1448 1116 1503; x_wconf 90' lang='lat' dir='ltr'><strong>Ordin</strong></span> <span class='ocrx_word' id='word_1_121' title='bbox 1121 1450 1141 1522; x_wconf 85' lang='lat'><strong>.)</strong></span> <span class='ocrx_word' id='word_1_122' title='bbox 1157 1459 1187 1506; x_wconf 87' lang='lat' dir='ltr'><strong>et</strong></span> 
     </span>
     <span class='ocr_line' id='line_1_15' title="bbox 149 1526 1185 1604; baseline -0.001 -18"><span class='ocrx_word' id='word_1_123' title='bbox 149 1531 343 1586; x_wconf 88' lang='lat' dir='ltr'><strong>Assemanum</strong></span> <span class='ocrx_word' id='word_1_124' title='bbox 358 1533 474 1603; x_wconf 84' lang='lat' dir='ltr'><strong>(Assem.</strong></span> <span class='ocrx_word' id='word_1_125' title='bbox 488 1526 507 1584; x_wconf 93' lang='lat' dir='ltr'><strong>l.</strong></span> <span class='ocrx_word' id='word_1_126' title='bbox 522 1529 582 1598; x_wconf 83' lang='lat' dir='ltr'><strong>c.)·</strong></span> <span class='ocrx_word' id='word_1_127' title='bbox 574 1568 583 1597; x_wconf 89' lang='lat'>,</span> <span class='ocrx_word' id='word_1_128' title='bbox 607 1526 656 1582; x_wconf 92' lang='lat' dir='ltr'><strong>ubi</strong></span> <span class='ocrx_word' id='word_1_129' title='bbox 665 1526 796 1604; x_wconf 88' lang='lat' dir='ltr'><strong>jubetur,</strong></span> <span class='ocrx_word' id='word_1_130' title='bbox 809 1531 946 1583; x_wconf 84' lang='lat' dir='ltr'><strong>utstatim</strong></span> <span class='ocrx_word' id='word_1_131' title='bbox 960 1528 995 1582; x_wconf 85' lang='lat' dir='ltr'><strong>ab</strong></span> <span class='ocrx_word' id='word_1_132' title='bbox 1007 1529 1079 1584; x_wconf 88' lang='lat' dir='ltr'><strong>obitu</strong></span> <span class='ocrx_word' id='word_1_133' title='bbox 1092 1529 1185 1585; x_wconf 82' lang='lat' dir='ltr'><strong>ratbo-</strong></span> 
     </span>
    </p>

    <p class='ocr_par' dir='ltr' id='par_1_7' title="bbox 144 1608 1187 2325">
     <span class='ocr_line' id='line_1_16' title="bbox 147 1608 1187 1683; baseline -0.001 -17"><span class='ocrx_word' id='word_1_134' title='bbox 147 1610 207 1675; x_wconf 78' lang='lat' dir='ltr'><strong>tici,</strong></span> <span class='ocrx_word' id='word_1_135' title='bbox 220 1613 351 1666; x_wconf 84' lang='lat' dir='ltr'><strong>mittatur</strong></span> <span class='ocrx_word' id='word_1_136' title='bbox 364 1613 400 1666; x_wconf 82' lang='lat' dir='ltr'><strong>od</strong></span> <span class='ocrx_word' id='word_1_137' title='bbox 412 1611 564 1683; x_wconf 82' lang='lat' dir='ltr'><strong>episcopum</strong></span> <span class='ocrx_word' id='word_1_138' title='bbox 579 1608 707 1673; x_wconf 84' lang='lat' dir='ltr'><strong>Caschar,</strong></span> <span class='ocrx_word' id='word_1_139' title='bbox 721 1610 745 1663; x_wconf 87' lang='lat' dir='ltr'><strong>si</strong></span> <span class='ocrx_word' id='word_1_140' title='bbox 762 1611 792 1663; x_wconf 83' lang='lat' dir='ltr'><strong>iu</strong></span> <span class='ocrx_word' id='word_1_141' title='bbox 808 1611 875 1664; x_wconf 78' lang='lat' dir='ltr'><strong>uiuis</strong></span> <span class='ocrx_word' id='word_1_142' title='bbox 888 1615 937 1672; x_wconf 87' lang='lat' dir='ltr'><strong>est,</strong></span> <span class='ocrx_word' id='word_1_143' title='bbox 952 1615 983 1662; x_wconf 84' lang='lat' dir='ltr'><strong>ut</strong></span> <span class='ocrx_word' id='word_1_144' title='bbox 1001 1615 1066 1681; x_wconf 85' lang='lat' dir='ltr'><strong>pote</strong></span> <span class='ocrx_word' id='word_1_145' title='bbox 1084 1612 1187 1681; x_wconf 83' lang='lat' dir='ltr'><strong>priuci-</strong></span> 
     </span>
     <span class='ocr_line' id='line_1_17' title="bbox 144 1687 1185 1765; baseline -0.001 -19"><span class='ocrx_word' id='word_1_146' title='bbox 144 1709 211 1764; x_wconf 83' lang='lat' dir='ltr'><strong>pem</strong></span> <span class='ocrx_word' id='word_1_147' title='bbox 229 1692 424 1765; x_wconf 82' lang='lat' dir='ltr'><strong>primarinmve</strong></span> <span class='ocrx_word' id='word_1_148' title='bbox 440 1689 583 1762; x_wconf 74' lang='lat' dir='ltr'><strong>presulem</strong></span> <span class='ocrx_word' id='word_1_149' title='bbox 602 1687 795 1762; x_wconf 81' lang='lat' dir='ltr'><strong>patriarchalis</strong></span> <span class='ocrx_word' id='word_1_150' title='bbox 812 1691 966 1762; x_wconf 80' lang='lat' dir='ltr'><strong>provincie,</strong></span> <span class='ocrx_word' id='word_1_151' title='bbox 982 1691 1027 1761; x_wconf 85' lang='lat' dir='ltr'><strong>qui</strong></span> <span class='ocrx_word' id='word_1_152' title='bbox 1048 1691 1185 1745; x_wconf 76' lang='lat' dir='ltr'><strong>deuterum</strong></span> 
     </span>
     <span class='ocr_line' id='line_1_18' title="bbox 147 1766 1187 1845; baseline -0.001 -17"><span class='ocrx_word' id='word_1_153' title='bbox 147 1771 316 1845; x_wconf 70' lang='lat' dir='ltr'><strong>patriarche</strong></span> <span class='ocrx_word' id='word_1_154' title='bbox 329 1778 409 1836; x_wconf 82' lang='lat' dir='ltr'><strong>tenet,</strong></span> <span class='ocrx_word' id='word_1_155' title='bbox 424 1776 562 1842; x_wconf 84' lang='lat' dir='ltr'><strong>custosque</strong></span> <span class='ocrx_word' id='word_1_156' title='bbox 573 1770 648 1824; x_wconf 82' lang='lat' dir='ltr'><strong>illius</strong></span> <span class='ocrx_word' id='word_1_157' title='bbox 660 1770 729 1824; x_wconf 79' lang='lat' dir='ltr'><strong>sedis</strong></span> <span class='ocrx_word' id='word_1_158' title='bbox 742 1776 782 1824; x_wconf 86' lang='lat' dir='ltr'><strong>est</strong></span> <span class='ocrx_word' id='word_1_159' title='bbox 799 1776 861 1842; x_wconf 87' lang='lat' dir='ltr'><strong>post</strong></span> <span class='ocrx_word' id='word_1_160' title='bbox 881 1766 937 1838; x_wconf 85' lang='lat' dir='ltr'><strong>ejus</strong></span> <span class='ocrx_word' id='word_1_161' title='bbox 954 1768 1062 1824; x_wconf 83' lang='lat' dir='ltr'><strong>obitum.</strong></span> <span class='ocrx_word' id='word_1_162' title='bbox 1100 1769 1187 1828; x_wconf 84' lang='lat' dir='ltr'><strong>Quod</strong></span> 
     </span>
     <span class='ocr_line' id='line_1_19' title="bbox 147 1847 1184 1927; baseline -0.002 -20"><span class='ocrx_word' id='word_1_163' title='bbox 147 1851 284 1907; x_wconf 88' lang='lat' dir='ltr'><strong>nimirum</strong></span> <span class='ocrx_word' id='word_1_164' title='bbox 299 1849 506 1927; x_wconf 87' lang='lat' dir='ltr'><strong>accipiendum,</strong></span> <span class='ocrx_word' id='word_1_165' title='bbox 521 1868 558 1904; x_wconf 80' lang='lat' dir='ltr'><strong>ex</strong></span> <span class='ocrx_word' id='word_1_166' title='bbox 570 1868 628 1922; x_wconf 84' lang='lat' dir='ltr'><strong>quo</strong></span> <span class='ocrx_word' id='word_1_167' title='bbox 643 1848 769 1905; x_wconf 88' lang='lat' dir='ltr'><strong>Cuschar</strong></span> <span class='ocrx_word' id='word_1_168' title='bbox 789 1847 842 1903; x_wconf 91' lang='lat' dir='ltr'><strong>sub</strong></span> <span class='ocrx_word' id='word_1_169' title='bbox 863 1848 970 1923; x_wconf 86' lang='lat' dir='ltr'><strong>Sapore</strong></span> <span class='ocrx_word' id='word_1_170' title='bbox 988 1867 1056 1922; x_wconf 84' lang='lat' dir='ltr'><strong>rege</strong></span> <span class='ocrx_word' id='word_1_171' title='bbox 1069 1849 1099 1904; x_wconf 94' lang='lat' dir='ltr'><strong>in</strong></span> <span class='ocrx_word' id='word_1_172' title='bbox 1114 1849 1184 1905; x_wconf 90' lang='lat' dir='ltr'><strong>Per·</strong></span> 
     </span>
     <span class='ocr_line' id='line_1_20' title="bbox 148 1927 1185 2007; baseline 0 -22"><span class='ocrx_word' id='word_1_173' title='bbox 148 1946 246 1993; x_wconf 87' lang='lat' dir='ltr'><strong>sarum</strong></span> <span class='ocrx_word' id='word_1_174' title='bbox 259 1940 432 2007; x_wconf 86' lang='lat' dir='ltr'><strong>potestatem</strong></span> <span class='ocrx_word' id='word_1_175' title='bbox 447 1928 535 1986; x_wconf 86' lang='lat' dir='ltr'><strong>venit.</strong></span> <span class='ocrx_word' id='word_1_176' title='bbox 571 1927 668 1984; x_wconf 89' lang='lat' dir='ltr'><strong>Probo</strong></span> <span class='ocrx_word' id='word_1_177' title='bbox 682 1929 758 1983; x_wconf 93' lang='lat' dir='ltr'><strong>enim</strong></span> <span class='ocrx_word' id='word_1_178' title='bbox 772 1929 930 2004; x_wconf 86' lang='lat' dir='ltr'><strong>imperante</strong></span> <span class='ocrx_word' id='word_1_179' title='bbox 945 1927 1084 1984; x_wconf 80' lang='lat' dir='ltr'><strong>Romanae</strong></span> <span class='ocrx_word' id='word_1_180' title='bbox 1099 1929 1185 1985; x_wconf 90' lang='lat' dir='ltr'><strong>ditio·</strong></span> 
     </span>
     <span class='ocr_line' id='line_1_21' title="bbox 147 2007 1187 2087; baseline -0.001 -21"><span class='ocrx_word' id='word_1_181' title='bbox 147 2011 281 2076; x_wconf 78' lang='lat' dir='ltr'><strong>nis-erat,</strong></span> <span class='ocrx_word' id='word_1_182' title='bbox 295 2030 353 2086; x_wconf 94' lang='lat' dir='ltr'><strong>quo</strong></span> <span class='ocrx_word' id='word_1_183' title='bbox 367 2021 496 2087; x_wconf 89' lang='lat' dir='ltr'><strong>tempore</strong></span> <span class='ocrx_word' id='word_1_184' title='bbox 515 2007 618 2064; x_wconf 88' lang='lat' dir='ltr'><strong>Manes</strong></span> <span class='ocrx_word' id='word_1_185' title='bbox 634 2029 649 2064; x_wconf 89' lang='lat' dir='ltr'><strong>e</strong></span> <span class='ocrx_word' id='word_1_186' title='bbox 667 2008 791 2064; x_wconf 83' lang='lat' dir='ltr'><strong>Persidis</strong></span> <span class='ocrx_word' id='word_1_187' title='bbox 810 2008 914 2064; x_wconf 90' lang='lat' dir='ltr'><strong>finibus</strong></span> <span class='ocrx_word' id='word_1_188' title='bbox 934 2007 1056 2082; x_wconf 81' lang='lat' dir='ltr'><strong>fugiens,</strong></span> <span class='ocrx_word' id='word_1_189' title='bbox 1071 2010 1099 2064; x_wconf 90' lang='lat' dir='ltr'><strong>in</strong></span> <span class='ocrx_word' id='word_1_190' title='bbox 1116 2009 1187 2065; x_wconf 85' lang='lat' dir='ltr'><strong>Cas·</strong></span> 
     </span>
     <span class='ocr_line' id='line_1_22' title="bbox 148 2088 1185 2167; baseline 0.002 -23"><span class='ocrx_word' id='word_1_191' title='bbox 148 2090 303 2149; x_wconf 85' lang='lat' dir='ltr'><strong>charorum</strong></span> <span class='ocrx_word' id='word_1_192' title='bbox 317 2109 392 2167; x_wconf 85' lang='lat' dir='ltr'><strong>pago</strong></span> <span class='ocrx_word' id='word_1_193' title='bbox 407 2109 490 2164; x_wconf 93' lang='lat' dir='ltr'><strong>quem</strong></span> <span class='ocrx_word' id='word_1_194' title='bbox 504 2088 693 2144; x_wconf 88' lang='lat' dir='ltr'><strong>Diodoridem</strong></span> <span class='ocrx_word' id='word_1_195' title='bbox 708 2088 891 2164; x_wconf 85' lang='lat' dir='ltr'><strong>appellabant</strong></span> <span class='ocrx_word' id='word_1_196' title='bbox 904 2089 1026 2160; x_wconf 85' lang='lat' dir='ltr'><strong>(Archel.</strong></span> <span class='ocrx_word' id='word_1_197' title='bbox 1041 2090 1107 2145; x_wconf 87' lang='lat' dir='ltr'><strong>Act.</strong></span> <span class='ocrx_word' id='word_1_198' title='bbox 1122 2109 1185 2166; x_wconf 87' lang='lat' dir='ltr'><strong>cap.</strong></span> 
     </span>
     <span class='ocr_line' id='line_1_23' title="bbox 146 2167 1185 2246; baseline 0.001 -20"><span class='ocrx_word' id='word_1_199' title='bbox 146 2171 275 2241; x_wconf 67' lang='lat' dir='ltr'><strong>xxxin),</strong></span> <span class='ocrx_word' id='word_1_200' title='bbox 297 2188 481 2246; x_wconf 90' lang='lat' dir='ltr'><strong>congressum</strong></span> <span class='ocrx_word' id='word_1_201' title='bbox 502 2169 582 2225; x_wconf 91' lang='lat' dir='ltr'><strong>illum</strong></span> <span class='ocrx_word' id='word_1_202' title='bbox 604 2170 637 2225; x_wconf 90' lang='lat' dir='ltr'><strong>de</strong></span> <span class='ocrx_word' id='word_1_203' title='bbox 658 2167 797 2242; x_wconf 84' lang='lat' dir='ltr'><strong>religione</strong></span> <span class='ocrx_word' id='word_1_204' title='bbox 816 2169 918 2225; x_wconf 90' lang='lat' dir='ltr'><strong>hahuit</strong></span> <span class='ocrx_word' id='word_1_205' title='bbox 942 2188 1007 2224; x_wconf 92' lang='lat' dir='ltr'><strong>cum</strong></span> <span class='ocrx_word' id='word_1_206' title='bbox 1030 2169 1185 2229; x_wconf 85' lang='lat' dir='ltr'><strong>Archelao.</strong></span> 
     </span>
     <span class='ocr_line' id='line_1_24' title="bbox 147 2248 522 2325; baseline -0.005 -18"><span class='ocrx_word' id='word_1_207' title='bbox 147 2248 222 2307; x_wconf 81' lang='lat' dir='ltr'><strong>Haec</strong></span> <span class='ocrx_word' id='word_1_208' title='bbox 234 2250 325 2307; x_wconf 84' lang='lat' dir='ltr'><strong>ferme</strong></span> <span class='ocrx_word' id='word_1_209' title='bbox 338 2250 522 2325; x_wconf 88' lang='lat' dir='ltr'><strong>Lequienius.</strong></span> 
     </span>
    </p>

    <p class='ocr_par' dir='ltr' id='par_1_8' title="bbox 141 2329 1185 3687">
     <span class='ocr_line' id='line_1_25' title="bbox 187 2329 1185 2406; baseline -0.001 -19"><span class='ocrx_word' id='word_1_210' title='bbox 187 2329 292 2387; x_wconf 89' lang='lat' dir='ltr'><strong>Porro</strong></span> <span class='ocrx_word' id='word_1_211' title='bbox 300 2331 429 2387; x_wconf 89' lang='lat' dir='ltr'><strong>eamdem</strong></span> <span class='ocrx_word' id='word_1_212' title='bbox 445 2329 617 2385; x_wconf 89' lang='lat' dir='ltr'><strong>senteutiam</strong></span> <span class='ocrx_word' id='word_1_213' title='bbox 636 2330 671 2386; x_wconf 89' lang='lat' dir='ltr'><strong>de</strong></span> <span class='ocrx_word' id='word_1_214' title='bbox 690 2329 877 2386; x_wconf 89' lang='lat' dir='ltr'><strong>Cuscharensi</strong></span> <span class='ocrx_word' id='word_1_215' title='bbox 891 2329 1027 2387; x_wconf 87' lang='lat' dir='ltr'><strong>Archelai</strong></span> <span class='ocrx_word' id='word_1_216' title='bbox 1042 2329 1107 2386; x_wconf 90' lang='lat' dir='ltr'><strong>sede</strong></span> <span class='ocrx_word' id='word_1_217' title='bbox 1121 2329 1185 2406; x_wconf 90' lang='lat' dir='ltr'><strong>plu·</strong></span> 
     </span>
     <span class='ocr_line' id='line_1_26' title="bbox 146 2408 1185 2488; baseline 0.001 -23"><span class='ocrx_word' id='word_1_218' title='bbox 146 2409 227 2466; x_wconf 89' lang='lat' dir='ltr'><strong>ribus</strong></span> <span class='ocrx_word' id='word_1_219' title='bbox 249 2428 341 2488; x_wconf 86' lang='lat' dir='ltr'><strong>nuper</strong></span> <span class='ocrx_word' id='word_1_220' title='bbox 361 2409 558 2487; x_wconf 87' lang='lat' dir='ltr'><strong>comprobavit</strong></span> <span class='ocrx_word' id='word_1_221' title='bbox 571 2408 607 2466; x_wconf 90' lang='lat' dir='ltr'><strong>V.</strong></span> <span class='ocrx_word' id='word_1_222' title='bbox 623 2409 658 2466; x_wconf 86' lang='lat' dir='ltr'><strong>C.</strong></span> <span class='ocrx_word' id='word_1_223' title='bbox 672 2411 851 2484; x_wconf 86' lang='lat' dir='ltr'><strong>Augustinus</strong></span> <span class='ocrx_word' id='word_1_224' title='bbox 871 2411 1017 2466; x_wconf 90' lang='lat' dir='ltr'><strong>Antonius</strong></span> <span class='ocrx_word' id='word_1_225' title='bbox 1042 2411 1185 2484; x_wconf 85' lang='lat' dir='ltr'><strong>Georgius</strong></span> 
     </span>
     <span class='ocr_line' id='line_1_27' title="bbox 146 2487 1185 2583; baseline -0.001 -37"><span class='ocrx_word' id='word_1_226' title='bbox 146 2487 278 2546; x_wconf 86' lang='lat' dir='ltr'><strong>Eremita</strong></span> <span class='ocrx_word' id='word_1_227' title='bbox 294 2490 546 2564; x_wconf 85' lang='lat' dir='ltr'><strong>Augustinianus&#39;</strong></span> <span class='ocrx_word' id='word_1_228' title='bbox 539 2508 569 2544; x_wconf 85' lang='grc' dir='ltr'><strong>ιιι</strong></span> <span class='ocrx_word' id='word_1_229' title='bbox 587 2491 734 2565; x_wconf 80' lang='lat' dir='ltr'><strong>praestauti</strong></span> <span class='ocrx_word' id='word_1_230' title='bbox 748 2509 834 2583; x_wconf 79' lang='lat' dir='ltr'><strong>opere</strong></span> <span class='ocrx_word' id='word_1_231' title='bbox 848 2488 925 2564; x_wconf 89' lang='lat' dir='ltr'><strong>quod</strong></span> <span class='ocrx_word' id='word_1_232' title='bbox 938 2491 1074 2562; x_wconf 84' lang='lat' dir='ltr'><strong>Alphabet</strong></span> <span class='ocrx_word' id='word_1_233' title='bbox 1075 2509 1119 2545; x_wconf 85' lang='lat' dir='ltr'><strong>um</strong></span> <span class='ocrx_word' id='word_1_234' title='bbox 1138 2492 1185 2545; x_wconf 83' lang='lat' dir='ltr'><strong>Ti-</strong></span> 
     </span>
     <span class='ocr_line' id='line_1_28' title="bbox 147 2566 1180 2646; baseline -0.002 -20"><span class='ocrx_word' id='word_1_235' title='bbox 147 2570 296 2627; x_wconf 60' lang='lat' dir='ltr'><strong>&amp;tonum</strong></span> <span class='ocrx_word' id='word_1_236' title='bbox 288 2571 447 2646; x_wconf 70' lang='lat' dir='ltr'><strong>suscripsitJ</strong></span> <span class='ocrx_word' id='word_1_237' title='bbox 464 2569 513 2625; x_wconf 85' lang='lat' dir='ltr'><strong>ubi</strong></span> <span class='ocrx_word' id='word_1_238' title='bbox 527 2571 623 2634; x_wconf 87' lang='lat' dir='ltr'><strong>etiam,</strong></span> <span class='ocrx_word' id='word_1_239' title='bbox 637 2569 715 2644; x_wconf 93' lang='lat' dir='ltr'><strong>quod</strong></span> <span class='ocrx_word' id='word_1_240' title='bbox 727 2571 769 2624; x_wconf 87' lang='lat' dir='ltr'><strong>rei</strong></span> <span class='ocrx_word' id='word_1_241' title='bbox 783 2579 869 2646; x_wconf 89' lang='lat' dir='ltr'><strong>caput</strong></span> <span class='ocrx_word' id='word_1_242' title='bbox 883 2580 937 2635; x_wconf 90' lang='lat' dir='ltr'><strong>est,</strong></span> <span class='ocrx_word' id='word_1_243' title='bbox 949 2571 1089 2625; x_wconf 88' lang='lat' dir='ltr'><strong>Actorum</strong></span> <span class='ocrx_word' id='word_1_244' title='bbox 1104 2566 1180 2645; x_wconf 91' lang='lat' dir='ltr'><strong>ejus-</strong></span> 
     </span>
     <span class='ocr_line' id='line_1_29' title="bbox 145 2648 1183 2707; baseline -0.003 0"><span class='ocrx_word' id='word_1_245' title='bbox 145 2649 212 2707; x_wconf 89' lang='lat' dir='ltr'><strong>dem</strong></span> <span class='ocrx_word' id='word_1_246' title='bbox 226 2650 363 2707; x_wconf 91' lang='lat' dir='ltr'><strong>Archelai</strong></span> <span class='ocrx_word' id='word_1_247' title='bbox 376 2651 569 2706; x_wconf 88' lang='lat' dir='ltr'><strong>sinceritatem</strong></span> <span class='ocrx_word' id='word_1_248' title='bbox 580 2650 712 2705; x_wconf 90' lang='lat' dir='ltr'><strong>adversus</strong></span> <span class='ocrx_word' id='word_1_249' title='bbox 728 2649 936 2705; x_wconf 86' lang='lat' dir='ltr'><strong>Beausohrium</strong></span> <span class='ocrx_word' id='word_1_250' title='bbox 950 2648 1108 2705; x_wconf 88' lang='lat' dir='ltr'><strong>luculenter</strong></span> <span class='ocrx_word' id='word_1_251' title='bbox 1123 2650 1183 2704; x_wconf 89' lang='lat' dir='ltr'><strong>evi-</strong></span> 
     </span>
     <span class='ocr_line' id='line_1_30' title="bbox 145 2728 1182 2805; baseline 0.002 -20"><span class='ocrx_word' id='word_1_252' title='bbox 145 2730 198 2796; x_wconf 88' lang='lat' dir='ltr'><strong>cit,</strong></span> <span class='ocrx_word' id='word_1_253' title='bbox 212 2749 294 2787; x_wconf 90' lang='lat' dir='ltr'><strong>suam</strong></span> <span class='ocrx_word' id='word_1_254' title='bbox 313 2731 358 2787; x_wconf 91' lang='lat' dir='ltr'><strong>his</strong></span> <span class='ocrx_word' id='word_1_255' title='bbox 377 2730 470 2786; x_wconf 90' lang='lat' dir='ltr'><strong>verbis</strong></span> <span class='ocrx_word' id='word_1_256' title='bbox 491 2729 715 2805; x_wconf 87' lang='lat' dir='ltr'><strong>disputationem</strong></span> <span class='ocrx_word' id='word_1_257' title='bbox 733 2729 904 2786; x_wconf 90' lang='lat' dir='ltr'><strong>concludens</strong></span> <span class='ocrx_word' id='word_1_258' title='bbox 926 2729 1041 2803; x_wconf 82' lang='lat' dir='ltr'><strong>(Georg.</strong></span> <span class='ocrx_word' id='word_1_259' title='bbox 1055 2728 1182 2803; x_wconf 85' lang='lat' dir='ltr'><strong>Alphab.</strong></span> 
     </span>
     <span class='ocr_line' id='line_1_31' title="bbox 144 2808 1184 2887; baseline 0.001 -22"><span class='ocrx_word' id='word_1_260' title='bbox 144 2808 244 2869; x_wconf 84' lang='lat' dir='ltr'><strong>Tibet.</strong></span> <span class='ocrx_word' id='word_1_261' title='bbox 257 2829 324 2887; x_wconf 84' lang='lat' dir='ltr'><strong>pag.</strong></span> <span class='ocrx_word' id='word_1_262' title='bbox 335 2811 405 2867; x_wconf 80' lang='lat'><strong>363.</strong></span> <span class='ocrx_word' id='word_1_263' title='bbox 424 2811 492 2867; x_wconf 90' lang='lat' dir='ltr'><strong>edit.</strong></span> <span class='ocrx_word' id='word_1_264' title='bbox 513 2808 601 2865; x_wconf 88' lang='lat' dir='ltr'><strong>Rom.</strong></span> <span class='ocrx_word' id='word_1_265' title='bbox 619 2809 705 2870; x_wconf 80' lang='lat'>1762.</span> <span class='ocrx_word' id='word_1_266' title='bbox 722 2811 787 2882; x_wconf 76' lang='lat' dir='ltr'><strong>t.):</strong></span> <span class='ocrx_word' id='word_1_267' title='bbox 822 2812 969 2866; x_wconf 84' lang='lat' dir='ltr'><strong>Teneumus</strong></span> <span class='ocrx_word' id='word_1_268' title='bbox 991 2809 1134 2865; x_wconf 77' lang='lat' dir='ltr'><strong>Cascsrua</strong></span> <span class='ocrx_word' id='word_1_269' title='bbox 1156 2812 1184 2866; x_wconf 84' lang='lat' dir='ltr'><strong>in</strong></span> 
     </span>
     <span class='ocr_line' id='line_1_32' title="bbox 143 2889 1185 2966; baseline 0 -20"><span class='ocrx_word' id='word_1_270' title='bbox 143 2891 347 2965; x_wconf 81' lang='lat' dir='ltr'><strong>Mesopotamia</strong></span> <span class='ocrx_word' id='word_1_271' title='bbox 366 2889 514 2962; x_wconf 80' lang='lat' dir='ltr'><strong>Kathujae:</strong></span> <span class='ocrx_word' id='word_1_272' title='bbox 533 2897 560 2945; x_wconf 89' lang='lat' dir='ltr'><strong>et</strong></span> <span class='ocrx_word' id='word_1_273' title='bbox 580 2908 639 2946; x_wconf 87' lang='lat' dir='ltr'><strong>ecce</strong></span> <span class='ocrx_word' id='word_1_274' title='bbox 658 2893 805 2957; x_wconf 82' lang='lat' dir='ltr'><strong>uinculum,</strong></span> <span class='ocrx_word' id='word_1_275' title='bbox 828 2892 891 2946; x_wconf 83' lang='lat' dir='ltr'><strong>dum</strong></span> <span class='ocrx_word' id='word_1_276' title='bbox 911 2893 983 2946; x_wconf 84' lang='lat' dir='ltr'><strong>dotae</strong></span> <span class='ocrx_word' id='word_1_277' title='bbox 993 2892 1066 2966; x_wconf 81' lang='lat' dir='ltr'><strong>fidei</strong></span> <span class='ocrx_word' id='word_1_278' title='bbox 1083 2908 1185 2946; x_wconf 86' lang='lat' dir='ltr'><strong>memor</strong></span> 
     </span>
     <span class='ocr_line' id='line_1_33' title="bbox 142 2971 1183 3044; baseline 0 -18"><span class='ocrx_word' id='word_1_279' title='bbox 142 2988 199 3026; x_wconf 83' lang='lat' dir='ltr'><strong>esse</strong></span> <span class='ocrx_word' id='word_1_280' title='bbox 217 2973 284 3028; x_wconf 82' lang='lat' dir='ltr'><strong>velit</strong></span> <span class='ocrx_word' id='word_1_281' title='bbox 301 2971 486 3037; x_wconf 80' lang='lat' dir='ltr'><strong>Beausohrius,</strong></span> <span class='ocrx_word' id='word_1_282' title='bbox 501 2989 554 3044; x_wconf 86' lang='lat' dir='ltr'><strong>quo</strong></span> <span class='ocrx_word' id='word_1_283' title='bbox 575 2979 650 3026; x_wconf 81' lang='lat' dir='ltr'><strong>arcte</strong></span> <span class='ocrx_word' id='word_1_284' title='bbox 668 2974 860 3044; x_wconf 80' lang='lat' dir='ltr'><strong>constringitur</strong></span> <span class='ocrx_word' id='word_1_285' title='bbox 879 2973 917 3026; x_wconf 87' lang='lat' dir='ltr'><strong>ad</strong></span> <span class='ocrx_word' id='word_1_286' title='bbox 930 2973 1001 3027; x_wconf 84' lang='lat' dir='ltr'><strong>Aeta</strong></span> <span class='ocrx_word' id='word_1_287' title='bbox 1020 2973 1107 3027; x_wconf 82' lang='lat' dir='ltr'><strong>sancti</strong></span> <span class='ocrx_word' id='word_1_288' title='bbox 1125 2973 1183 3044; x_wconf 84' lang='lat' dir='ltr'><strong>epi-</strong></span> 
     </span>
     <span class='ocr_line' id='line_1_34' title="bbox 141 3050 1184 3125; baseline 0.001 -19"><span class='ocrx_word' id='word_1_289' title='bbox 141 3054 217 3125; x_wconf 83' lang='lat' dir='ltr'><strong>scopi</strong></span> <span class='ocrx_word' id='word_1_290' title='bbox 227 3051 357 3108; x_wconf 81' lang='lat' dir='ltr'><strong>Archelai</strong></span> <span class='ocrx_word' id='word_1_291' title='bbox 370 3059 508 3125; x_wconf 85' lang='lat' dir='ltr'><strong>tamquam</strong></span> <span class='ocrx_word' id='word_1_292' title='bbox 519 3053 639 3124; x_wconf 86' lang='lat' dir='ltr'><strong>pretiosa</strong></span> <span class='ocrx_word' id='word_1_293' title='bbox 652 3050 812 3107; x_wconf 76' lang='lat' dir='ltr'><strong>Christiane</strong></span> <span class='ocrx_word' id='word_1_294' title='bbox 824 3055 997 3125; x_wconf 79' lang='lat' dir='ltr'><strong>antiquitatis</strong></span> <span class='ocrx_word' id='word_1_295' title='bbox 1010 3058 1184 3107; x_wconf 82' lang='lat' dir='ltr'><strong>rnonumertta</strong></span> 
     </span>
     <span class='ocr_line' id='line_1_35' title="bbox 141 3131 1183 3205; baseline -0.001 -19"><span class='ocrx_word' id='word_1_296' title='bbox 141 3133 351 3205; x_wconf 78' lang='lat' dir='ltr'><strong>amplectenda3</strong></span> <span class='ocrx_word' id='word_1_297' title='bbox 372 3148 431 3205; x_wconf 77' lang='lat' dir='ltr'><strong>qaae</strong></span> <span class='ocrx_word' id='word_1_298' title='bbox 450 3138 541 3187; x_wconf 82' lang='lat' dir='ltr'><strong>tamen</strong></span> <span class='ocrx_word' id='word_1_299' title='bbox 558 3133 656 3205; x_wconf 81' lang='lat' dir='ltr'><strong>paullo</strong></span> <span class='ocrx_word' id='word_1_300' title='bbox 674 3140 738 3187; x_wconf 85' lang='lat' dir='ltr'><strong>unte</strong></span> <span class='ocrx_word' id='word_1_301' title='bbox 752 3132 896 3188; x_wconf 66' lang='lat' dir='ltr'><strong>lacuabat.</strong></span> <span class='ocrx_word' id='word_1_302' title='bbox 937 3131 1086 3190; x_wconf 83' lang='lat' dir='ltr'><strong>Nimirum</strong></span> <span class='ocrx_word' id='word_1_303' title='bbox 1097 3131 1133 3186; x_wconf 88' lang='lat' dir='ltr'><strong>ad</strong></span> <span class='ocrx_word' id='word_1_304' title='bbox 1148 3149 1183 3186; x_wconf 90' lang='lat' dir='ltr'><strong>ea</strong></span> 
     </span>
     <span class='ocr_line' id='line_1_36' title="bbox 142 3211 1180 3288; baseline 0.003 -23"><span class='ocrx_word' id='word_1_305' title='bbox 142 3211 261 3288; x_wconf 88' lang='lat' dir='ltr'><strong>respicit</strong></span> <span class='ocrx_word' id='word_1_306' title='bbox 274 3221 463 3285; x_wconf 65' lang='lat' dir='ltr'><strong>arctonque</strong></span> <span class='ocrx_word' id='word_1_307' title='bbox 477 3211 564 3266; x_wconf 81' lang='lat' dir='ltr'><strong>habet</strong></span> <span class='ocrx_word' id='word_1_308' title='bbox 579 3211 773 3268; x_wconf 90' lang='lat' dir='ltr'><strong>Beausohrius</strong></span> <span class='ocrx_word' id='word_1_309' title='bbox 792 3212 822 3267; x_wconf 93' lang='lat' dir='ltr'><strong>in</strong></span> <span class='ocrx_word' id='word_1_310' title='bbox 839 3212 901 3267; x_wconf 86' lang='lat' dir='ltr'><strong>haec</strong></span> <span class='ocrx_word' id='word_1_311' title='bbox 918 3211 1004 3268; x_wconf 87' lang='lat' dir='ltr'><strong>verba</strong></span> <span class='ocrx_word' id='word_1_312' title='bbox 1020 3211 1180 3283; x_wconf 80' lang='lat' dir='ltr'><strong>(Beausobr.</strong></span> 
     </span>
     <span class='ocr_line' id='line_1_37' title="bbox 141 3289 1180 3366; baseline -0.001 -20"><span class='ocrx_word' id='word_1_313' title='bbox 141 3289 223 3353; x_wconf 83' lang='lat' dir='ltr'><strong>Hist.</strong></span> <span class='ocrx_word' id='word_1_314' title='bbox 237 3290 271 3346; x_wconf 91' lang='lat' dir='ltr'><strong>de</strong></span> <span class='ocrx_word' id='word_1_315' title='bbox 284 3291 415 3348; x_wconf 87' lang='lat' dir='ltr'><strong>Manich.</strong></span> <span class='ocrx_word' id='word_1_316' title='bbox 429 3301 458 3346; x_wconf 88' lang='lat' dir='ltr'><strong>et</strong></span> <span class='ocrx_word' id='word_1_317' title='bbox 472 3291 510 3347; x_wconf 85' lang='lat' dir='ltr'><strong>du</strong></span> <span class='ocrx_word' id='word_1_318' title='bbox 523 3291 652 3349; x_wconf 89' lang='lat' dir='ltr'><strong>Manich.</strong></span> <span class='ocrx_word' id='word_1_319' title='bbox 666 3292 768 3348; x_wconf 80' lang='lat' dir='ltr'><strong>tomi.</strong></span> <span class='ocrx_word' id='word_1_320' title='bbox 783 3309 867 3366; x_wconf 87' lang='lat' dir='ltr'><strong>pagg.</strong></span> <span class='ocrx_word' id='word_1_321' title='bbox 882 3293 949 3356; x_wconf 87' lang='lat'>191,</span> <span class='ocrx_word' id='word_1_322' title='bbox 964 3293 1043 3363; x_wconf 80' lang='lat'>192.)</span> <span class='ocrx_word' id='word_1_323' title='bbox 1057 3313 1063 3346; x_wconf 93' lang='lat'>:</span> <span class='ocrx_word' id='word_1_324' title='bbox 1089 3298 1110 3322; x_wconf 90' lang='lat'><strong>“</strong></span> <span class='ocrx_word' id='word_1_325' title='bbox 1122 3290 1180 3346; x_wconf 89' lang='lat' dir='ltr'><strong>J&#39;ai</strong></span> 
     </span>
     <span class='ocr_line' id='line_1_38' title="bbox 142 3369 1179 3449; baseline 0.002 -23"><span class='ocrx_word' id='word_1_326' title='bbox 142 3376 165 3403; x_wconf 89' lang='lat'><strong>“</strong></span> <span class='ocrx_word' id='word_1_327' title='bbox 178 3369 250 3428; x_wconf 86' lang='lat' dir='ltr'><strong>bien</strong></span> <span class='ocrx_word' id='word_1_328' title='bbox 269 3371 378 3449; x_wconf 71' lang='lat' dir='ltr'><strong>prouve</strong></span> <span class='ocrx_word' id='word_1_329' title='bbox 399 3390 455 3446; x_wconf 89' lang='lat' dir='ltr'><strong>que</strong></span> <span class='ocrx_word' id='word_1_330' title='bbox 478 3370 506 3426; x_wconf 87' lang='lat' dir='ltr'><strong>la</strong></span> <span class='ocrx_word' id='word_1_331' title='bbox 528 3371 641 3448; x_wconf 90' lang='lat' dir='ltr'><strong>dispute</strong></span> <span class='ocrx_word' id='word_1_332' title='bbox 661 3377 709 3427; x_wconf 90' lang='lat' dir='ltr'><strong>n’a</strong></span> <span class='ocrx_word' id='word_1_333' title='bbox 730 3373 813 3448; x_wconf 89' lang='lat' dir='ltr'><strong>point</strong></span> <span class='ocrx_word' id='word_1_334' title='bbox 834 3371 879 3426; x_wconf 72' lang='lat' dir='ltr'><strong>ete</strong></span> <span class='ocrx_word' id='word_1_335' title='bbox 901 3390 936 3426; x_wconf 88' lang='lat' dir='ltr'><strong>en</strong></span> <span class='ocrx_word' id='word_1_336' title='bbox 956 3371 1179 3447; x_wconf 69' lang='lat' dir='ltr'><strong>Mesopotamia.</strong></span> 
     </span>
     <span class='ocr_line' id='line_1_39' title="bbox 143 3449 1180 3531; baseline 0.001 -25"><span class='ocrx_word' id='word_1_337' title='bbox 143 3457 164 3483; x_wconf 88' lang='lat'><strong>“</strong></span> <span class='ocrx_word' id='word_1_338' title='bbox 176 3449 256 3507; x_wconf 88' lang='lat' dir='ltr'><strong>Mais</strong></span> <span class='ocrx_word' id='word_1_339' title='bbox 278 3452 303 3506; x_wconf 92' lang='lat' dir='ltr'><strong>si</strong></span> <span class='ocrx_word' id='word_1_340' title='bbox 323 3470 395 3507; x_wconf 90' lang='lat' dir='ltr'><strong>nous</strong></span> <span class='ocrx_word' id='word_1_341' title='bbox 417 3451 445 3506; x_wconf 89' lang='lat' dir='ltr'><strong>la</strong></span> <span class='ocrx_word' id='word_1_342' title='bbox 465 3449 585 3531; x_wconf 66' lang='lat' dir='ltr'><strong>placous</strong></span> <span class='ocrx_word' id='word_1_343' title='bbox 608 3452 677 3507; x_wconf 85' lang='lat' dir='ltr'><strong>dans</strong></span> <span class='ocrx_word' id='word_1_344' title='bbox 698 3450 724 3506; x_wconf 89' lang='lat' dir='ltr'><strong>lc</strong></span> <span class='ocrx_word' id='word_1_345' title='bbox 742 3451 935 3524; x_wconf 87' lang='lat' dir='ltr'><strong>Turquestau,</strong></span> <span class='ocrx_word' id='word_1_346' title='bbox 950 3450 1004 3506; x_wconf 90' lang='lat' dir='ltr'><strong>elle</strong></span> <span class='ocrx_word' id='word_1_347' title='bbox 1022 3469 1128 3527; x_wconf 85' lang='lat' dir='ltr'><strong>pourra</strong></span> <span class='ocrx_word' id='word_1_348' title='bbox 1148 3469 1180 3507; x_wconf 85' lang='lat' dir='ltr'><strong>se</strong></span> 
     </span>
     <span class='ocr_line' id='line_1_40' title="bbox 143 3530 1179 3605; baseline -0.002 -18"><span class='ocrx_word' id='word_1_349' title='bbox 143 3537 164 3564; x_wconf 92' lang='lat'><em>“</em></span> <span class='ocrx_word' id='word_1_350' title='bbox 178 3533 318 3590; x_wconf 87' lang='lat' dir='ltr'><strong>souteuir.</strong></span> <span class='ocrx_word' id='word_1_351' title='bbox 354 3532 433 3587; x_wconf 90' lang='lat' dir='ltr'><strong>C’est</strong></span> <span class='ocrx_word' id='word_1_352' title='bbox 442 3531 472 3586; x_wconf 77' lang='lat' dir='ltr'><strong>la</strong></span> <span class='ocrx_word' id='word_1_353' title='bbox 485 3549 540 3605; x_wconf 90' lang='lat' dir='ltr'><strong>que</strong></span> <span class='ocrx_word' id='word_1_354' title='bbox 554 3530 755 3605; x_wconf 71' lang='lat' dir='ltr'><strong>l&#39;hAresiarque</strong></span> <span class='ocrx_word' id='word_1_355' title='bbox 771 3549 801 3585; x_wconf 88' lang='lat' dir='ltr'><strong>se</strong></span> <span class='ocrx_word' id='word_1_356' title='bbox 815 3531 910 3596; x_wconf 89' lang='lat' dir='ltr'><strong>retire,</strong></span> <span class='ocrx_word' id='word_1_357' title='bbox 924 3530 1003 3586; x_wconf 88' lang='lat' dir='ltr'><strong>selon</strong></span> <span class='ocrx_word' id='word_1_358' title='bbox 1017 3530 1057 3585; x_wconf 86' lang='lat' dir='ltr'><strong>les</strong></span> <span class='ocrx_word' id='word_1_359' title='bbox 1074 3530 1179 3586; x_wconf 90' lang='lat' dir='ltr'><strong>Orien·</strong></span> 
     </span>
     <span class='ocr_line' id='line_1_41' title="bbox 143 3610 1178 3687; baseline 0.001 -21"><span class='ocrx_word' id='word_1_360' title='bbox 143 3617 166 3643; x_wconf 90' lang='lat'><strong><em>“</em></strong></span> <span class='ocrx_word' id='word_1_361' title='bbox 178 3620 268 3681; x_wconf 82' lang='lat' dir='ltr'><strong>taux3</strong></span> <span class='ocrx_word' id='word_1_362' title='bbox 285 3617 355 3667; x_wconf 90' lang='lat' dir='ltr'><strong>c’est</strong></span> <span class='ocrx_word' id='word_1_363' title='bbox 368 3610 405 3666; x_wconf 75' lang='lat' dir='ltr'><strong>la</strong></span> <span class='ocrx_word' id='word_1_364' title='bbox 408 3611 478 3686; x_wconf 90' lang='lat' dir='ltr'><strong>qn’il</strong></span> <span class='ocrx_word' id='word_1_365' title='bbox 491 3630 510 3684; x_wconf 88' lang='lat' dir='ltr'>y</span> <span class='ocrx_word' id='word_1_366' title='bbox 523 3629 540 3665; x_wconf 87' lang='lat' dir='ltr'><strong>a</strong></span> <span class='ocrx_word' id='word_1_367' title='bbox 554 3629 610 3665; x_wconf 92' lang='lat' dir='ltr'><strong>une</strong></span> <span class='ocrx_word' id='word_1_368' title='bbox 625 3611 731 3666; x_wconf 91' lang='lat' dir='ltr'><strong>Cascar</strong></span> <span class='ocrx_word' id='word_1_369' title='bbox 742 3611 790 3684; x_wconf 93' lang='lat' dir='ltr'><strong>qui</strong></span> <span class='ocrx_word' id='word_1_370' title='bbox 804 3616 878 3666; x_wconf 87' lang='lat' dir='ltr'><strong>u’est</strong></span> <span class='ocrx_word' id='word_1_371' title='bbox 889 3612 973 3687; x_wconf 90' lang='lat' dir='ltr'><strong>point</strong></span> <span class='ocrx_word' id='word_1_372' title='bbox 983 3611 1107 3666; x_wconf 88' lang='lat' dir='ltr'><strong>soumise</strong></span> <span class='ocrx_word' id='word_1_373' title='bbox 1121 3630 1178 3667; x_wconf 84' lang='lat' dir='ltr'><strong>aux</strong></span> 
     </span>
    </p>

    <p class='ocr_par' dir='ltr' id='par_1_9' title="bbox 143 3689 1178 3767">
     <span class='ocr_line' id='line_1_42' title="bbox 143 3689 1178 3767; baseline -0.002 -18.932"><span class='ocrx_word' id='word_1_374' title='bbox 143 3689 290 3759; x_wconf 85' lang='lat' dir='ltr'><strong>“Perses‚</strong></span> <span class='ocrx_word' id='word_1_375' title='bbox 302 3690 381 3746; x_wconf 82' lang='lat' dir='ltr'><strong>etoiu</strong></span> <span class='ocrx_word' id='word_1_376' title='bbox 391 3691 411 3747; x_wconf 90' lang='lat' dir='ltr'><strong>il</strong></span> <span class='ocrx_word' id='word_1_377' title='bbox 423 3709 529 3766; x_wconf 88' lang='lat' dir='ltr'><strong>pourra</strong></span> <span class='ocrx_word' id='word_1_378' title='bbox 540 3689 649 3767; x_wconf 86' lang='lat' dir='ltr'><strong>plaider</strong></span> <span class='ocrx_word' id='word_1_379' title='bbox 659 3708 691 3746; x_wconf 89' lang='lat' dir='ltr'><strong>sa</strong></span> <span class='ocrx_word' id='word_1_380' title='bbox 701 3708 785 3745; x_wconf 86' lang='lat' dir='ltr'><strong>cause</strong></span> <span class='ocrx_word' id='word_1_381' title='bbox 796 3708 833 3745; x_wconf 92' lang='lat' dir='ltr'><strong>en</strong></span> <span class='ocrx_word' id='word_1_382' title='bbox 843 3699 924 3747; x_wconf 90' lang='lat' dir='ltr'><strong>toute</strong></span> <span class='ocrx_word' id='word_1_383' title='bbox 935 3690 1037 3748; x_wconf 72' lang='lat' dir='ltr'><strong>surete.</strong></span> <span class='ocrx_word' id='word_1_384' title='bbox 1061 3690 1092 3746; x_wconf 89' lang='lat' dir='ltr'><strong>C’</strong></span> <span class='ocrx_word' id='word_1_385' title='bbox 1095 3700 1138 3745; x_wconf 88' lang='lat' dir='ltr'><strong>est</strong></span> <span class='ocrx_word' id='word_1_386' title='bbox 1147 3690 1178 3746; x_wconf 71' lang='lat' dir='ltr'><strong>la</strong></span> 
     </span>
    </p>

    <p class='ocr_par' dir='ltr' id='par_1_10' title="bbox 143 3769 1185 4006">
     <span class='ocr_line' id='line_1_43' title="bbox 143 3769 1185 3862; baseline 0.001 -37.033"><span class='ocrx_word' id='word_1_387' title='bbox 143 3775 216 3845; x_wconf 85' lang='lat' dir='ltr'><strong>“qu</strong></span> <span class='ocrx_word' id='word_1_388' title='bbox 216 3769 247 3825; x_wconf 89' lang='lat' dir='ltr'><strong>’il</strong></span> <span class='ocrx_word' id='word_1_389' title='bbox 259 3791 279 3846; x_wconf 90' lang='lat' dir='ltr'><strong>y</strong></span> <span class='ocrx_word' id='word_1_390' title='bbox 292 3791 318 3826; x_wconf 90' lang='lat' dir='ltr'><strong>a</strong></span> <span class='ocrx_word' id='word_1_391' title='bbox 323 3771 371 3826; x_wconf 88' lang='lat' dir='ltr'><strong>des</strong></span> <span class='ocrx_word' id='word_1_392' title='bbox 388 3771 550 3836; x_wconf 62' lang='lat' dir='ltr'><strong>chremens,</strong></span> <span class='ocrx_word' id='word_1_393' title='bbox 564 3770 612 3825; x_wconf 89' lang='lat' dir='ltr'><strong>des</strong></span> <span class='ocrx_word' id='word_1_394' title='bbox 626 3770 769 3845; x_wconf 74' lang='lat' dir='ltr'><strong>Equues‚</strong></span> <span class='ocrx_word' id='word_1_395' title='bbox 785 3771 834 3844; x_wconf 92' lang='lat' dir='ltr'><strong>qui</strong></span> <span class='ocrx_word' id='word_1_396' title='bbox 849 3789 886 3825; x_wconf 91' lang='lat' dir='ltr'><strong>ne</strong></span> <span class='ocrx_word' id='word_1_397' title='bbox 903 3780 1027 3847; x_wconf 75' lang='lat' dir='ltr'><strong>pensent</strong></span> <span class='ocrx_word' id='word_1_398' title='bbox 1041 3788 1185 3862; x_wconf 35' lang='lat' dir='ltr'><strong>mauquer&#39;</strong></span> 
     </span>
     <span class='ocr_line' id='line_1_44' title="bbox 143 3849 1177 3927; baseline -0.001 -21"><span class='ocrx_word' id='word_1_399' title='bbox 143 3854 164 3885; x_wconf 85' lang='lat'><strong>“</strong></span> <span class='ocrx_word' id='word_1_400' title='bbox 176 3849 211 3906; x_wconf 87' lang='lat' dir='ltr'><strong>de</strong></span> <span class='ocrx_word' id='word_1_401' title='bbox 229 3850 347 3906; x_wconf 73' lang='lat' dir='ltr'><strong>s’elever</strong></span> <span class='ocrx_word' id='word_1_402' title='bbox 364 3860 464 3906; x_wconf 89' lang='lat' dir='ltr'><strong>contre</strong></span> <span class='ocrx_word' id='word_1_403' title='bbox 483 3869 522 3905; x_wconf 90' lang='lat' dir='ltr'><strong>uu</strong></span> <span class='ocrx_word' id='word_1_404' title='bbox 539 3849 697 3924; x_wconf 70' lang='lat' dir='ltr'><strong>heretique,</strong></span> <span class='ocrx_word' id='word_1_405' title='bbox 712 3869 761 3925; x_wconf 86' lang='lat' dir='ltr'><strong>qur</strong></span> <span class='ocrx_word' id='word_1_406' title='bbox 754 3849 880 3905; x_wconf 73' lang='lat' dir='ltr'><strong>&#39;astruit</strong></span> <span class='ocrx_word' id='word_1_407' title='bbox 894 3849 934 3906; x_wconf 90' lang='lat' dir='ltr'><strong>les</strong></span> <span class='ocrx_word' id='word_1_408' title='bbox 948 3849 1118 3927; x_wconf 75' lang='lat' dir='ltr'><strong>principans</strong></span> <span class='ocrx_word' id='word_1_409' title='bbox 1130 3869 1177 3910; x_wconf 86' lang='lat' dir='ltr'><strong>ar-</strong></span> 
     </span>
     <span class='ocr_line' id='line_1_45' title="bbox 143 3928 1176 4006; baseline -0.001 -21"><span class='ocrx_word' id='word_1_410' title='bbox 143 3932 164 3962; x_wconf 90' lang='lat'><em>“</em></span> <span class='ocrx_word' id='word_1_411' title='bbox 155 3928 256 3986; x_wconf 90' lang='lat' dir='ltr'><strong>‘ticles</strong></span> <span class='ocrx_word' id='word_1_412' title='bbox 275 3930 323 3986; x_wconf 93' lang='lat' dir='ltr'><strong>de</strong></span> <span class='ocrx_word' id='word_1_413' title='bbox 329 3929 358 3986; x_wconf 87' lang='lat' dir='ltr'><strong>la</strong></span> <span class='ocrx_word' id='word_1_414' title='bbox 377 3929 420 3987; x_wconf 84' lang='lat' dir='ltr'><strong>foi</strong></span> <span class='ocrx_word' id='word_1_415' title='bbox 440 3928 614 3985; x_wconf 71' lang='lat' dir='ltr'><strong>Chretieune</strong></span> <span class='ocrx_word' id='word_1_416' title='bbox 628 3971 716 3990; x_wconf 87' lang='grc'><strong>.....</strong></span> <span class='ocrx_word' id='word_1_417' title='bbox 747 3929 937 4005; x_wconf 87' lang='lat' dir='ltr'><strong>Jen&#39;yavois</strong></span> <span class='ocrx_word' id='word_1_418' title='bbox 952 3948 1003 4006; x_wconf 89' lang='lat' dir='ltr'><strong>pas</strong></span> <span class='ocrx_word' id='word_1_419' title='bbox 1018 3929 1115 4006; x_wconf 69' lang='lat' dir='ltr'><strong>pense.</strong></span> <span class='ocrx_word' id='word_1_420' title='bbox 1149 3928 1176 3984; x_wconf 93' lang='lat' dir='ltr'><strong>Il</strong></span> 
     </span>
    </p>

    <p class='ocr_par' dir='ltr' id='par_1_11' title="bbox 145 4007 1177 4247">
     <span class='ocr_line' id='line_1_46' title="bbox 145 4007 1177 4087; baseline 0 -22"><span class='ocrx_word' id='word_1_421' title='bbox 145 4007 238 4065; x_wconf 84' lang='lat' dir='ltr'><strong>“faut</strong></span> <span class='ocrx_word' id='word_1_422' title='bbox 258 4009 378 4066; x_wconf 71' lang='lat' dir='ltr'><strong>retablir</strong></span> <span class='ocrx_word' id='word_1_423' title='bbox 398 4020 473 4079; x_wconf 82' lang='lat' dir='ltr'><strong>cette</strong></span> <span class='ocrx_word' id='word_1_424' title='bbox 494 4008 617 4087; x_wconf 89' lang='lat' dir='ltr'><strong>dispute,</strong></span> <span class='ocrx_word' id='word_1_425' title='bbox 639 4029 694 4084; x_wconf 89' lang='lat' dir='ltr'><strong>que</strong></span> <span class='ocrx_word' id='word_1_426' title='bbox 709 4029 723 4085; x_wconf 96' lang='lat' dir='ltr'>J</span> <span class='ocrx_word' id='word_1_427' title='bbox 728 4011 764 4064; x_wconf 87' lang='lat' dir='ltr'><strong>&#39;ai</strong></span> <span class='ocrx_word' id='word_1_428' title='bbox 785 4018 852 4065; x_wconf 85' lang='lat' dir='ltr'><strong>tant.</strong></span> <span class='ocrx_word' id='word_1_429' title='bbox 869 4009 1011 4084; x_wconf 65' lang='lat' dir='ltr'><strong>attaqute.</strong></span> <span class='ocrx_word' id='word_1_430' title='bbox 1046 4008 1073 4064; x_wconf 91' lang='lat' dir='ltr'><strong>Il</strong></span> <span class='ocrx_word' id='word_1_431' title='bbox 1092 4014 1140 4083; x_wconf 89' lang='lat' dir='ltr'><strong>n&#39;y</strong></span> <span class='ocrx_word' id='word_1_432' title='bbox 1157 4027 1177 4065; x_wconf 85' lang='lat' dir='ltr'><strong>a</strong></span> 
     </span>
     <span class='ocr_line' id='line_1_47' title="bbox 146 4087 1175 4166; baseline -0.002 -22"><span class='ocrx_word' id='word_1_433' title='bbox 146 4090 166 4119; x_wconf 90' lang='lat'><strong>“</strong></span> <span class='ocrx_word' id='word_1_434' title='bbox 177 4089 247 4163; x_wconf 68' lang='lat' dir='ltr'><strong>qu&#39;b</strong></span> <span class='ocrx_word' id='word_1_435' title='bbox 260 4089 291 4146; x_wconf 88' lang='lat' dir='ltr'><strong>la</strong></span> <span class='ocrx_word' id='word_1_436' title='bbox 307 4089 378 4148; x_wconf 85' lang='lat' dir='ltr'><strong>bien</strong></span> <span class='ocrx_word' id='word_1_437' title='bbox 390 4089 488 4166; x_wconf 89' lang='lat' dir='ltr'><strong>placer</strong></span> <span class='ocrx_word' id='word_1_438' title='bbox 502 4129 591 4147; x_wconf 87' lang='grc'><strong>.....</strong></span> <span class='ocrx_word' id='word_1_439' title='bbox 612 4089 756 4148; x_wconf 89' lang='lat' dir='ltr'><strong>Dounons</strong></span> <span class='ocrx_word' id='word_1_440' title='bbox 772 4109 808 4146; x_wconf 89' lang='lat' dir='ltr'><strong>au</strong></span> <span class='ocrx_word' id='word_1_441' title='bbox 821 4089 929 4146; x_wconf 88' lang='lat' dir='ltr'><strong>lecteur</strong></span> <span class='ocrx_word' id='word_1_442' title='bbox 942 4088 1126 4146; x_wconf 70' lang='lat' dir='ltr'><strong>l’edification</strong></span> <span class='ocrx_word' id='word_1_443' title='bbox 1140 4087 1175 4143; x_wconf 90' lang='lat' dir='ltr'><strong>de</strong></span> 
     </span>
     <span class='ocr_line' id='line_1_48' title="bbox 148 4167 1174 4247; baseline -0.001 -23"><span class='ocrx_word' id='word_1_444' title='bbox 148 4169 168 4196; x_wconf 90' lang='lat'><strong>“</strong></span> <span class='ocrx_word' id='word_1_445' title='bbox 178 4168 249 4238; x_wconf 86' lang='lat' dir='ltr'><strong>voir,</strong></span> <span class='ocrx_word' id='word_1_446' title='bbox 264 4175 371 4247; x_wconf 90' lang='lat' dir='ltr'><strong>qu&#39;une</strong></span> <span class='ocrx_word' id='word_1_447' title='bbox 389 4169 521 4228; x_wconf 89' lang='lat' dir='ltr'><strong>Histoire</strong></span> <span class='ocrx_word' id='word_1_448' title='bbox 542 4169 567 4226; x_wconf 90' lang='lat' dir='ltr'><strong>si</strong></span> <span class='ocrx_word' id='word_1_449' title='bbox 587 4170 726 4239; x_wconf 82' lang='lat' dir='ltr'><strong>ancienne</strong></span> <span class='ocrx_word' id='word_1_450' title='bbox 741 4178 785 4226; x_wconf 91' lang='lat' dir='ltr'><strong>est</strong></span> <span class='ocrx_word' id='word_1_451' title='bbox 800 4169 937 4227; x_wconf 67' lang='lat' dir='ltr'><strong>viritahle</strong></span> <span class='ocrx_word' id='word_1_452' title='bbox 951 4170 1021 4226; x_wconf 86' lang='lat' dir='ltr'><strong>dans</strong></span> <span class='ocrx_word' id='word_1_453' title='bbox 1035 4167 1062 4224; x_wconf 89' lang='lat' dir='ltr'><strong>le</strong></span> <span class='ocrx_word' id='word_1_454' title='bbox 1075 4167 1174 4225; x_wconf 85' lang='lat' dir='ltr'><strong>fond.¹’</strong></span> 
     </span>
    </p>
   </div>
   <div class='ocr_carea' id='block_1_5' title="bbox 628 4260 689 4311">
    <p class='ocr_par' dir='ltr' id='par_1_12' title="bbox 628 4260 689 4311">
     <span class='ocr_line' id='line_1_49' title="bbox 628 4260 689 4311; baseline -0.049 0"><span class='ocrx_word' id='word_1_455' title='bbox 628 4260 689 4311; x_wconf 79' lang='grc' dir='ltr'><strong>ΚΖ</strong></span> 
     </span>
    </p>
   </div>
   <div class='ocr_carea' id='block_1_6' title="bbox 0 0 1346 4740">
    <p class='ocr_par' dir='ltr' id='par_1_13' title="bbox 0 0 1346 4740">
     <span class='ocr_line' id='line_1_50' title="bbox 0 0 1346 4740; baseline 0 5"><span class='ocrx_word' id='word_1_456' title='bbox 0 0 1346 4740; x_wconf 95' lang='lat' dir='ltr'><strong> </strong></span> 
     </span>
    </p>
   </div>
  </div>
 </body>
</html>
