2684 4740
247 325 287 408 :a
422 313 569 389 orara
592 314 903 390 suacnnorns
925 316 1111 388 marcis.

246 490 414 557 hominem
428 505 466 558 ut
479 492 577 558 facias
589 493 637 559 illi
651 495 785 575 litteras,
796 495 872 583 quia
884 493 1009 581 accepit
1022 484 1150 559 codices
1163 494 1290 581 pretiod

247 623 313 679 sos,
327 613 361 666 et
380 601 485 667 noluit
504 624 651 668 revocare
670 603 754 670 illos.
775 605 895 670 scribas
918 604 974 669 illo
994 602 1086 690 quod
1102 624 1188 668 anno
1201 602 1289 671 duo*

246 711 365 778 viratus
385 711 436 776 tui
456 712 619 777 combusti
640 727 725 779 sunt.
769 716 813 779 Et
834 713 900 779 dixi
920 735 1006 800 ego:
1029 714 1113 779 Haec
1133 726 1184 779 est
1206 713 1291 780 fidos

249 817 530 885 Christianorum?
561 823 729 908 lugentius
749 823 848 889 dixit:
870 824 1025 902 Domine,
1038 822 1142 887 veniat
1160 836 1197 888 et
1213 823 1289 889 Au&

247 929 389 1017 gentius.
432 933 476 996 Et
494 952 559 1019 ego
579 931 773 998 honorificus
788 952 874 1014 sum,
889 946 923 998 et
940 932 1045 997 honor
1058 954 1150 997 meus
1165 923 1289 1020 pereat,

247 1054 283 1106 et
295 1039 392 1128 hujus
406 1039 508 1105 latera
520 1039 604 1128 (ejus
619 1040 739 1122 literas,
753 1038 851 1106 edidit
862 1041 1018 1124 Messon.)
1033 1041 1202 1106 habemus.
1223 1042 1289 1105 AE·

246 1147 350 1214 lianus
375 1149 548 1234 proconsul
572 1149 725 1236 ingentio
748 1149 848 1216 dixit:
879 1146 1149 1218 Revincnis‘alio
1177 1150 1288 1216 titulo.

248 1257 398 1323 AElianus
411 1259 584 1344 proconsul
598 1259 679 1324 dixit
689 1259 732 1325 ad
746 1258 888 1325 officium
901 1285 909 1324 :
932 1260 1023 1346 Apta
1035 1259 1139 1324 illum.
1180 1259 1288 1325 Cum·

247 1389 313 1456 que
335 1368 514 1454 bptaretur,
539 1367 688 1435 AElianus
713 1369 888 1457 proconsul
915 1369 1019 1435 dixit:
1052 1368 1287 1456 suspendatur.

250 1475 404 1565 Cumque
437 1478 696 1566 suspenderetur,
724 1480 873 1546 AElianus
906 1480 1080 1567 proconsul
1110 1478 1289 1546 Caeciliano

248 1585 349 1652 dixit:
369 1587 547 1676 Quomodo
561 1588 604 1655 ad
619 1603 651 1654 te
666 1589 834 1676 Ingentius
848 1585 955 1654 ueniti
979 1587 1178 1676 Respondit:
1193 1587 1290 1655 Misit

248 1696 314 1762 huc
327 1717 381 1762 me
395 1697 493 1777 Felix,
508 1697 601 1777 dixit,
615 1710 735 1777 noster,
750 1711 788 1762 ut
802 1698 923 1762 scribas
936 1697 1004 1777 illo,
1016 1704 1040 1739 ‘⁴
1050 1697 1128 1786 quia
1138 1690 1191 1762 est
1203 1710 1290 1764 unus

248 1811 272 1845 ‘⁴
287 1804 442 1890 perditus,
456 1806 566 1870 nescio
583 1805 651 1893 qui,
665 1804 786 1871 habens
800 1826 898 1892 penes
913 1827 966 1869 me
978 1804 1106 1871 codices
1120 1798 1290 1892 pretiosisi

248 1919 273 1953 “
287 1913 397 1993 simos,
411 1925 445 1978 et
464 1913 541 1978 nolo
555 1913 628 1978 illos
643 1914 821 1980 restituere.
868 1916 983 2001 ltaque
1002 1916 1053 1979 fac
1070 1914 1196 1980 litteras
1212 1913 1289 2002 quia

249 2030 274 2064 “
287 2021 394 2087 adusti
407 2036 494 2102 sunt,
510 2010 550 2088 ne
569 2044 714 2088 revocem
729 2022 836 2087 illos.''
863 2024 908 2087 Et
921 2044 986 2108 ego
1001 2021 1087 2086 dixi:
1111 2020 1288 2087 Christiani

250 2128 329 2199 fides
348 2129 420 2195 baec
438 2133 508 2196 esti
535 2133 579 2197 Et
599 2132 686 2218 coepi
707 2130 798 2196 illum
821 2129 990 2216 corripere.
1033 2132 1077 2194 Et
1096 2129 1143 2194 ait
1160 2128 1288 2215 collega

250 2261 364 2306 meus:
393 2239 504 2305 Scribe
525 2239 584 2306 illo
608 2240 706 2305 Felici
728 2251 852 2304 nostro.
895 2241 940 2304 Et
961 2239 1008 2303 sic
1030 2259 1094 2324 ego
1117 2237 1286 2323 epistolam

249 2347 378 2428 dictavi
393 2371 466 2435 quae
486 2359 578 2435 paret
595 2370 765 2436 usquequo
783 2347 910 2413 dictavi.
945 2347 1094 2412 AEliauus
1113 2342 1287 2434 proconsul

249 2456 350 2525 dixit:
367 2456 470 2523 'Audi
490 2457 558 2522 sine
579 2470 672 2522 metu
692 2457 913 2522 recitationem
935 2454 1081 2542 epistolae
1102 2467 1180 2520 tua.
1224 2455 1288 2520 Re·

248 2587 412 2656 cognosce
425 2589 596 2656 quousque
610 2567 788 2634 dictaveris.
824 2567 997 2654 Agesilaus
1012 2566 1167 2632 recitavit.
1207 2565 1286 2650 Opto

245 2687 293 2758 tc,
314 2694 430 2764 pareres
452 2678 619 2757 carissiaco,
640 2677 756 2742 multos
777 2681 874 2741 aanor
897 2674 970 2740 bene
990 2673 1104 2740 valere.
1139 2673 1288 2739 AEliauus

249 2756 616 2874 proconsquaeciliano
630 2787 729 2852 dixit:
755 2788 937 2872 Hucusque
957 2783 1108 2849 dictasti?
1141 2784 1288 2868 Respon-

251 2896 320 2962 dit:
343 2897 533 2983 Hucusque.
548 2894 707 2982 reliquum
723 2893 840 2959 falsum
855 2907 914 2959 est.
948 2893 1121 2980 Agesilaus
1134 2892 1289 2957 recitavit.

251 3013 276 3046 “
286 3009 306 3049 *
320 3005 396 3071 Hoc
405 3005 501 3092 signo
512 3004 602 3093 quod
614 3004 655 3069 de
665 3005 853 3091 praetorium
864 3004 907 3071 ad
917 3027 970 3068 me
981 3002 1096 3069 misisti
1107 3001 1168 3066 nisi
1179 3024 1246 3089 ego
1255 3014 1290 3067 ct

251 3123 276 3158 “
287 3129 324 3183 tu
338 3127 372 3182 et
384 3115 477 3203 cujus
490 3127 540 3180 eat
552 3114 751 3202 praetorium,
761 3128 795 3179 et
805 3114 902 3180 dixit:
916 3116 1009 3180 Tolle
1021 3115 1152 3194 clavem,
1162 3126 1198 3180 et
1207 3134 1290 3202 quos

253 3225 427 3291 “invenies
440 3224 474 3290 in
488 3223 641 3290 'cathedra
653 3223 753 3288 libros
768 3234 802 3287 et
820 3245 916 3310 super
931 3222 1039 3309 lapide
1053 3222 1196 3302 codices,
1210 3216 1292 3288 tolle

252 3334 375 3400 “illos
420 3334 504 3399 Sane
517 3330 588 3398 vide
602 3330 753 3396 officiales
767 3351 807 3395 ne
822 3330 937 3396 tollant
952 3331 1061 3395 oleum
1079 3344 1113 3395 et
1133 3331 1290 3397 triticum.

253 3453 275 3486 “
287 3447 332 3512 Et
343 3467 408 3532 ego
422 3444 505 3512 dixi:
519 3445 570 3509 Tu
585 3442 687 3508 nescis
698 3441 840 3530 quiaubi
853 3441 1018 3529 scripturae
1031 3441 1246 3521 inveniuntur,
1255 3436 1292 3505 et

254 3567 277 3602 ‘⁶
289 3560 359 3647 ipsa
368 3559 487 3624 domus
497 3558 655 3623 diruitur?
672 3560 716 3622 Et
726 3555 850 3621 dixisti:
864 3554 954 3643 Quid
965 3576 1044 3641 ergo
1056 3553 1232 3619 faciemus?
1249 3548 1292 3617 Εἰ

255 3675 278 3709 “
290 3667 356 3734 dixi
369 3690 432 3755 ego
443 3666 550 3733 vobis:
565 3667 673 3732 Tollat
684 3664 798 3753 aliquis
808 3665 850 3729 de
862 3665 951 3729 vobis
963 3663 994 3727 in
1006 3663 1087 3728 areis
1099 3663 1155 3727 ubi
1168 3660 1292 3727 oratio*

254 3782 281 3817 “
290 3797 346 3842 nes
357 3776 474 3855 facitis,
486 3788 520 3841 et
534 3775 600 3840 illic
612 3786 783 3862 ponantur.
812 3777 856 3838 Et
868 3795 932 3860 ego
947 3774 1039 3838 venio
1054 3795 1130 3838 cum
1145 3772 1292 3839 officiali-

255 3883 365 3961 “bus,
380 3894 414 3947 et
427 3882 518 3948 tollo.
541 3884 584 3946 Et
597 3904 656 3947 noa
671 3882 727 3947 illo
741 3881 897 3960 venimus,
911 3895 945 3946 et
964 3881 1075 3945 omnia
1089 3881 1225 3945 tulimus
1237 3900 1291 3946 se·

253 3995 279 4032 “
290 3987 435 4054 cundum
449 3986 614 4072 placitum,
628 3998 664 4052 et
679 3986 860 4051 adussimus
875 3987 1052 4053 secundum
1067 4009 1195 4051 sacrum
1209 3978 1310 4072 prae-⁶
1327 4020 1333 4027 ·

255 4102 279 4138 “
290 4093 454 4181 ceptum.’'
476 4092 640 4158 Maximus
654 4091 754 4158 dixit:
776 4093 939 4180 Quoniam
954 4093 1025 4180 ejus
1038 4093 1184 4180 epistola:
1199 4108 1294 4159 tenor
1310 4112 1333 4125 ⁶

256 4199 450 4289 etiamapud
460 4210 532 4266 acta
543 4199 694 4266 recitatus
703 4211 764 4281 est,
774 4222 872 4288 quam
882 4201 951 4288 ipse
959 4203 1126 4290 agnovisse
1136 4220 1174 4267 ac
1185 4200 1333 4267 misia-2
