2684 4740
197 332 199 336 >
250 317 373 368 naurs
391 319 674 381 usucnsarrross,
689 302 947 368 consororinos.

111 463 154 516 55.
175 468 316 532 Quadrstus
330 469 496 532 spmtotorum
507 467 580 517 disci-

115 549 198 611 puius,
210 551 250 600 69.

81 627 244 681 Ριιιιιιιιιι
260 647 276 678 s
290 633 315 679 S.
331 629 456 681 Clemente
473 628 579 678 Alexan·

114 707 188 756 drino
207 709 334 759 adductus.
363 709 482 759 Rationes
501 713 580 768 rifat,

115 803 161 838 eur
175 789 201 836 S.
213 786 303 838 Paulus
318 774 345 838 in
356 789 471 853 Epicteto
480 791 517 838 ad
526 790 580 839 He·

116 871 192 918 hece
201 884 288 920 eorum
296 871 434 934 apostolum
444 887 470 921 se
479 872 581 921 minime

115 950 278 1014 inscripserit,
288 953 306 1001 i.
317 953 376 1012 ιιι,
387 954 444 1001 ssu.

83 1030 237 1096 Presbytmis
251 1034 367 1083 driutius
383 1050 456 1096 quum
473 1035 583 1083 diaconis

116 1112 275 1163 commissum
296 1122 335 1164 est
356 1115 386 1164 sb
408 1116 520 1178 episcopo
541 1117 583 1178 jus

116 1209 200 1243 ueras
217 1195 323 1245 bibendi
340 1197 479 1257 conciones,
498 1198 525 1246 ii.
541 1198 582 1245 47.

85 1356 232 1423 Presbyteri.
266 1359 404 1409 Recosnbst
430 1360 584 1411 Novatianus

117 1439 243 1502 impertire
254 1441 370 1490 nauibus
379 1442 406 1489 in
417 1444 584 1504 persecutione

117 1519 160 1568 int
168 1520 235 1582 θέμις
243 1524 283 1569 ui
292 1521 333 1570 ies
342 1520 431 1570 bustris
438 1524 583 1590 ηιιίντίςᾳ,

117 1595 155 1648 iii.
170 1601 208 1650 13.
230 1603 364 1668 presbytcri
379 1605 444 1666 apud
454 1605 584 1668 AEgyptios

118 1683 298 1746 consignabant
318 1685 464 1748 baptizatos,
481 1689 503 1738 si
524 1704 584 1751 prse-

118 1776 176 1811 seus
187 1778 238 1811 non
246 1765 322 1814 fuerit
328 1767 463 1829 episcopos,
472 1770 513 1816 50.
531 1784 583 1818 cor·

118 1857 166 1904 pus
173 1851 199 1891 et
205 1845 350 1908 sanguinem
358 1850 454 1908 offerre,
462 1856 487 1897 et
495 1850 585 1910 populo

117 1925 225 1984 tradere,
233 1939 328 1988 semper
335 1927 482 1991 presbyteris
492 1943 523 1976 cx
531 1929 583 1976 cffi-

119 2004 169 2063 cio,
181 2005 292 2055 diaconis
307 2015 390 2057 autem
405 2015 521 2071 tanquam
537 2011 584 2058 mi·

119 2085 205 2134 nistris
214 2087 300 2134 eadem
312 2089 405 2136 nederc
416 2103 447 2136 ex
458 2104 584 2149 concessu,

118 2170 157 2218 fas
172 2175 234 2229 erat,
252 2170 357 2218 56-53.
385 2173 518 2236 presbyteri
535 2188 584 2222 non

118 2250 298 2300 ordinabantur
315 2253 368 2302 sine
388 2268 509 2303 consensu
527 2254 585 2305 oleri

118 2340 145 2382 et
155 2332 249 2394 populi,
261 2334 303 2393 54,
315 2336 355 2383 55.
379 2350 394 2383 s
410 2336 505 2385 minore
521 2337 586 2387 clero

120 2413 241 2474 distincti,
253 2412 293 2462 56.
304 2414 338 2462 iv.
349 2415 390 2463 53.
408 2416 428 2462 σι’
439 2417 462 2462 is
475 2417 505 2464 eti
514 2415 586 2464 iwri-

120 2513 158 2558 (ιν
172 2492 248 2557 θρίων
264 2495 394 2556 nominati,
409 2495 495 2545 1385.
523 2497 587 2546 Cum

122 2570 242 2632 Origenes
257 2571 310 2619 sine
326 2573 399 2621 venia
415 2573 522 2637 episcopi
539 2576 587 2635 sui,

122 2659 298 2713 contraquam
313 2654 448 2714 oportebat,
464 2656 589 2720 presbyter

122 2731 204 2781 factm
213 2739 286 2791 esset,
298 2733 433 2782 sacerdotio
445 2735 530 2796 pulsus
540 2743 586 2795 est,

122 2812 159 2862 iii.
171 2813 228 2860 264.
248 2813 310 2876 lapsi
320 2813 465 2878 presbyteri,
476 2817 588 2876 quamvis

122 2901 241 2943 renovato
256 2895 389 2944 certamine
404 2896 529 2955 vicissent,
545 2897 588 2944 bo-

123 2989 209 3028 norem
230 2975 328 3037 quidem
349 2975 414 3024 sedis
440 2976 587 3038 retinebant,

124 3072 175 3106 uon
192 3063 275 3127 tamen
291 3056 396 3118 amplius
412 3057 487 3106 sacris
502 3057 588 3108 officiis

124 3137 299 3200 fungebanbrr,
309 3137 366 3195 405.
394 3138 544 3203 Presbyteris
560 3139 587 3188 in

58 3258 63 3277 ,
126 3218 218 3279 nuptiis
236 3216 330 3286 bigami
344 3216 462 3283 prandere
481 3219 588 3280 prohibi-

125 3307 189 3359 tum,
198 3300 256 3358 459,
264 3298 405 3358 463-470,
412 3300 469 3349 497.
486 3302 589 3366 Pnesby-

126 3384 322 3443 teri,siuxorem
330 3385 455 3444 duxerint,
464 3387 494 3434 ab
504 3387 590 3435 ordine

125 3465 241 3531 pellendi,
259 3466 280 3513 si
300 3464 414 3514 fornicati
430 3466 531 3526 fuerint,
550 3467 591 3515 vei

61 3584 65 3589 ,
127 3544 274 3599 adulterium
285 3545 444 3606 patraverint,
456 3560 472 3593 a
482 3561 591 3595 commn-

126 3625 201 3689 uione
211 3625 329 3685 ecclesie,
338 3625 395 3675 457.
414 3626 477 3674 nulli
489 3628 591 3677 fortasse

126 3708 274 3766 ucerdotes,
286 3708 413 3756 autetiam
423 3708 530 3770 diaconi,
542 3709 590 3758 nisi

124 3789 224 3840 disccni
246 3791 276 3838 de
299 3790 346 3838 hae
371 3805 398 3837 re
423 3789 491 3851 prius
512 3791 590 3840 cavis-

126 3879 192 3929 sent,
210 3870 300 3933 proditi
320 3877 379 3919 sunt
396 3871 529 3931 memoriae,
547 3872 591 3934 qui

127 3950 184 4016 post
193 3952 373 4001 ordinationem
380 3967 469 4002 uxores
477 3953 523 4001 sibi
533 3967 591 4001 oon-

125 4033 263 4096 Junxerint,
278 4033 334 4081 464.
353 4033 443 4082 Confer
458 4035 516 4093 495,
532 4033 590 4082 496.

128 4117 299 4178 Presbyterum
316 4121 374 4163 ante
390 4114 539 4163 tricesimum
557 4128 590 4162 te-

128 4196 185 4245 tstis
201 4210 294 4245 annum
310 4195 419 4243 ordinari
432 4194 592 4257 prohibebant

1054 312 1119 387 445

662 469 774 518 Concilia
790 468 986 518 Neocmaariense
1004 474 1030 516 et
1046 469 1126 516 Gens·

661 548 712 597 rale
722 548 784 596 illud
797 546 953 605 Truilanum,
964 553 990 595 et
1004 546 1084 595 muita
1099 561 1126 594 s·

661 629 705 689 iia,
715 631 774 688 460,
784 631 843 689 472,
854 631 913 689 473,
924 630 1062 680 493-502.

630 711 767 775 Presbyteri
778 711 893 769 civitatis,
904 727 940 760 ιιι
952 711 1079 770 411,461.

630 792 767 855 Presbyteri
779 792 850 842 ruris.
873 791 970 842 Diversi
987 808 1002 841 s
1018 792 1125 855 chorepi-

663 873 752 934 scopis,
774 872 809 921 iii.
829 873 887 932 461,
909 874 1047 923 474-476.
1075 888 1126 922 non

663 967 749 1002 omnes
759 951 903 1016 urgssbtmi.
919 953 976 1002 477.
1003 955 1126 1003 Diodorus

664 1034 713 1082 vici
723 1034 857 1097 presbyter,
868 1034 901 1082 iv.
913 1034 970 1083 230.

632 1115 754 1165 Pridesux
767 1114 951 1180 (Humi-edus),
962 1116 1089 1175 adducore,
1100 1116 1127 1164 ii.

664 1199 724 1256 225,
734 1198 792 1248 343.

633 1279 774 1329 mouens
788 1268 939 1344 (romnis),
951 1279 968 1327 i.
983 1279 1036 1329 rac.

634 1360 730 1409 Primus
748 1360 891 1410 Corinthios
907 1362 1041 1425 episcopm.
1064 1361 1130 1410 Visit

665 1453 720 1487 eum
740 1439 903 1501 Hegesippus,
922 1438 1078 1487 iterfaciens
1098 1437 1129 1485 ad

665 1519 779 1578 Romam
791 1520 808 1566 i.
820 1520 877 1567 201.

634 1599 758 1660 Principes
768 1601 921 1647 tenebrarum
930 1615 946 1647 a
954 1600 1054 1648 Monete
1062 1615 1128 1649 com·

665 1680 804 1738 memorati,
816 1680 849 1727 iv.
863 1681 998 1730 154-171.

625 1758 825 1809 'Pdseillimistm
834 1761 950 1821 heretici,
962 1762 997 1810 iii.
1009 1765 1066 1810 440.

633 1839 743 1900 Procius,
751 1841 848 1890 Latinis
855 1843 981 1902 Proculus,
989 1844 1128 1893 Montanis·

665 1921 851 1981 sa,i.375,379.
869 1923 1137 1988 Ceiuspresbyterdb.

665 2003 816 2064 putationem
832 2011 918 2052 contra
933 2021 988 2055 eum
1007 2006 1128 2070 insignem

665 2084 759 2145 habuit,
771 2086 797 2134 ii.
809 2088 835 2145 3,
847 2087 872 2145 5,
884 2087 909 2144 6,
924 2089 963 2145 13,
976 2088 1014 2136 17.

634 2165 734 2214 Proclus
749 2166 904 2228 philosophus
915 2168 944 2215 de
956 2169 1093 2228 precatione
1103 2184 1129 2217 e-

666 2245 831 2308 legantissime
840 2248 937 2295 disserit
945 2263 975 2296 ex
986 2249 1129 2314 Porphyrio,

667 2328 685 2376 i.
695 2330 751 2377 324.

636 2408 737 2457 Procius
748 2406 873 2470 episcopus
884 2410 911 2458 in
923 2413 1033 2462 Concilio
1044 2413 1131 2462 Antic-

670 2489 746 2536 cheno
758 2489 885 2537 adversum
901 2490 1005 2540 Paulum
1019 2493 1133 2541 Samosa-

670 2577 755 2618 tenum
772 2577 864 2618 coacto.
892 2571 954 2632 Ejus
969 2586 1059 2622 nomen
1071 2575 1132 2622 otri·

669 2664 717 2711 que
737 2650 853 2711 Epistoloe
871 2652 1006 2711 praefixum,
1027 2655 1053 2702 ii.
1073 2655 1131 2717 465,

669 2730 726 2779 477.

638 2811 714 2873 Cujus
730 2812 877 2862 conditionis
893 2816 935 2863 es?
959 2815 1043 2864 Victor
1059 2817 1131 2877 dixit,

670 2893 802 2956 Professor
814 2910 869 2943 sum
884 2896 1055 2946 Ramnetum
1067 2902 1132 2949 litte·

669 2991 767 3036 ranem,
779 2981 960 3038 grammaticus
971 2980 1088 3042 Latinus,
1098 2983 1131 3032 iv.

672 3057 727 3104 101.

638 3138 804 3198 Prometheus,
816 3139 842 3188 ii.
856 3141 912 3199 162,
925 3142 980 3201 164,
992 3144 1048 3190 303.
1071 3152 1133 3192 tem-

670 3234 717 3280 pus
727 3219 788 3280 ejus,
801 3219 857 3279 165,
869 3221 925 3267 306.

639 3299 784 3360 Propagatic
814 3313 858 3359 per
885 3299 969 3347 orbem
995 3300 1133 3354 Romanum

673 3377 862 3438 Christianismi,
879 3393 918 3427 res
934 3380 999 3428 ultra
1014 3382 1133 3431 humanas

671 3460 735 3510 vires
745 3460 834 3522 posita,
846 3461 878 3509 iv.
890 3460 1026 3512 306-303.

639 3542 764 3603 Prophetae
774 3541 885 3600 Antinoi,
897 3542 915 3589 i.
924 3542 980 3590 202.
1007 3546 1132 3596 Summum

672 3623 825 3672 Sacerdotem
841 3623 941 3671 nominc
951 3628 1077 3688 prophete
1091 3644 1132 3690 ap-

672 3704 795 3765 pellabant
804 3704 923 3767 AEgyptii,
935 3706 992 3756 249.

641 3786 775 3847 Prophetiae
791 3786 889 3834 edendo
909 3800 996 3836 novem
1014 3789 1133 3839 rationem

672 3870 818 3929 modumque
837 3868 995 3919 Montenistae
1011 3871 1133 3930 fovebant,

672 3947 699 3995 ii.
708 3947 750 4006 32,
761 3947 802 4005 33,
812 3948 853 4005 94,
864 3947 905 4006 95,
918 3948 972 3995 101.
994 3955 1067 4008 atque
1077 3949 1135 3998 inde

673 4026 724 4076 veri
739 4026 869 4088 prophete,
881 4026 924 4088 qui
936 4026 1019 4087 quieto
1029 4042 1058 4076 ac
1069 4035 1136 4078 nan.

673 4108 750 4172 quillo
766 4109 849 4158 culmo
865 4108 1027 4171 predicebant
1043 4110 1133 4170 futura,

673 4191 770 4242 facilius
779 4190 991 4254 distinguebantur
1001 4205 1017 4238 s
1027 4190 1104 4239 salsis.
