2684 4740
391 303 662 376 concretum
686 304 943 375 romanum.
1145 311 1213 415 ⁶9-

142 476 251 564 eipem
274 477 445 559 invenerat,
468 479 608 544 maxime
630 480 773 566 culpato,
794 478 938 544 sanitatis
960 479 1185 578 recuperanda

142 563 311 648 optionem
333 562 467 629 liberam
490 567 606 630 ceteris
624 566 712 644 fecit,
732 578 862 651 paratus
881 565 1185 629 communicatorias

143 648 269 713 litteras
282 649 409 713 mittere
425 651 522 713 etiam
545 651 583 714 iis
604 673 685 736 quos
704 672 724 714 a
744 649 909 737 Majorinc
931 649 1096 713 ordinatos
1116 671 1185 714 esse

144 745 330 812 constaret3
352 735 399 798 ita
418 747 454 799 ut
472 735 719 824 quibuscunque
732 735 812 800 locis
827 734 893 798 duo
908 749 1014 798 essent
1028 735 1183 820 episcopi,

145 839 228 904 qnos
249 818 406 883 dissensio
425 820 632 906 geminasset,
645 844 719 887 eum
742 820 924 884 confirmari
937 821 1041 898 vellet,
1056 821 1111 968 (pai
1133 822 1185 885 fu-

146 904 225 967 isset
244 903 410 969 ordinatus
433 907 530 990 prior,
552 907 643 970 alteri
665 922 774 971 autem
797 927 910 970 eorum
933 905 1024 990 plebs
1048 907 1109 969 aia
1133 928 1186 970 re·

146 988 255 1073 genda
273 989 501 1074 provideretur.
547 992 697 1056 Orirum
719 992 891 1078 optimum,
908 1013 928 1054 ο
950 991 1049 1054 filium
1072 989 1186 1056 Chris·

147 1072 243 1137 tianae
258 1074 358 1159 pacis,
372 1089 405 1140 et
421 1089 544 1162 patrem
562 1077 754 1143 Christiane
770 1076 891 1162 plebis!
923 1079 952 1136 S.
963 1080 1118 1155 Augustini
1133 1081 1184 1155 Op,

148 1156 218 1217 toun¹
229 1161 261 1218 ii.
271 1180 300 1238 p.
312 1163 360 1222 72.
371 1163 440 1221 edit.
451 1164 573 1222 Amstel.
595 1166 704 1222 Confer
714 1175 743 1221 et
754 1167 842 1240 Epist.
855 1164 968 1222 clxxxv.
981 1165 1007 1232 i.
1018 1162 1066 1224 47.
1077 1185 1105 1245 p.
1115 1165 1185 1225 503.

151 1239 197 1298 ubi
209 1241 287 1299 hauc
300 1242 482 1302 clementiam
495 1245 623 1302 defendit
637 1255 723 1322 atque
737 1246 835 1303 laudat
847 1245 1036 1320 Augustinus.

486 1409 850 1462 ...φ-...-

648 1553 692 1618 V.

154 1692 294 1783 Epitome
320 1717 423 1763 rerum
446 1697 489 1762 ad
514 1695 680 1762 Caeciliani
705 1717 829 1760 causum
852 1696 1089 1782 pertinentium,
1113 1719 1186 1786 quoe

188 1794 279 1847 'extat
301 1783 335 1847 in
354 1785 387 1848 S.
401 1783 577 1871 Augustini
598 1782 806 1846 Sermonibus
820 1804 911 1847 xxv.
934 1807 973 1847 erc
993 1784 1188 1851 Membrcnis

191 1867 395 1933 Bibliotheca
413 1871 446 1933 V
443 1867 652 1932 indobcnertsis
667 1890 687 1930 α
701 1866 860 1931 Miclrrele
875 1868 974 1932 Derris
990 1870 1025 1934 V.
1044 1869 1092 1934 Cl.
1108 1893 1187 1935 auno

194 1965 281 2033 1792.
298 1952 332 2019 V
329 1952 489 2018 indolence
504 1954 537 2017 in
545 1953 658 2039 forma
672 1975 758 2016 mor.
773 1952 876 2017 editis.

191 2106 365 2170 Uussau
383 2127 438 2171 eos
453 2106 623 2171 manifesta
638 2106 780 2170 veritate.
824 2109 894 2171 Vos
914 2107 1114 2192 imperatoris
1131 2108 1188 2196 ju-

150 2188 269 2255 dicium
282 2191 462 2290 flagitastis.
484 2191 682 2269 Mentimini‚
692 2192 818 2288 inquis
830 2194 949 2291 Ertant
961 2193 1091 2292 Qhartae
1105 2197 1189 2280 pub·

149 2274 231 2340 licre.
278 2277 346 2362 lpsr
367 2277 547 2341 Donatistae
571 2276 611 2340 de
634 2291 724 2361 parte
748 2278 916 2426 Mapormi,
941 2301 997 2364 qur
1024 2280 1110 2364 prior
1134 2303 1189 2345 or-

150 2359 277 2425 dinatus
307 2374 367 2439 est,
391 2376 503 2427 contra
533 2360 745 2426 Caeeilianum
772 2363 930 2441 aierunt,
960 2366 1187 2449 proconsulem

148 2458 225 2510 tunc
239 2446 446 2525 Anullinum,
458 2460 491 2512 et
506 2447 690 2511 detulerunt
702 2447 829 2512 libellos
844 2450 1059 2512 accusatorios
1074 2449 1114 2513 de
1128 2473 1189 2515 no-

147 2529 236 2595 mine
252 2531 430 2610 Caeciliani,
445 2546 479 2596 et
494 2533 526 2596 in
541 2532 628 2596 aluta
642 2532 797 2618 signatos,
813 2531 968 2610 dicentes,
984 2555 1018 2596 se
1039 2534 1189 2600 adversus

149 2614 362 2680 Caecilianum
385 2617 519 2682 crimina
545 2617 680 2702 (videtur
703 2617 859 2695 omissum,
882 2617 1011 2696 habere,
1033 2620 1185 2703 Dnuts.)

148 2723 221 2800 quae
237 2701 295 2766 illo
307 2701 419 2765 libello
434 2703 644 2788 scripsissent,
660 2715 692 2766 et
708 2717 870 2787 rogantes,
886 2717 922 2766 ut
937 2704 1039 2788 ipsam
1055 2726 1188 2769 accusa-

146 2798 271 2851 tronem
287 2808 400 2850 eorum
417 2788 560 2851 mitteret
575 2788 616 2851 ad
630 2787 820 2852 comitatum
845 2789 1045 2874 Imperatori.
1091 2793 1189 2857 Extat

147 2871 277 2937 Relatio
303 2872 449 2936 Anullini
473 2873 675 2958 proconsulis
702 2873 868 2937 scribentis
892 2874 933 2937 ad
960 2875 1187 2961 imperatorem

146 2954 401 3021 Constantinum
414 2981 423 3036 3
444 2958 535 3043 quod
556 2957 704 3022 homines
718 2957 758 3021 de
773 2973 863 3044 parte
876 2959 1031 3023 Ma'orini
1046 2963 1188 3028 venerint

146 3040 190 3106 ad
211 3041 306 3106 illum
326 3063 400 3105 cum
420 3042 535 3107 libellis
556 3042 597 3106 de
617 3045 820 3108 accusatione
836 2983 1012 3120 Caecidani‚
1026 3061 1187 3131 rogantes,

146 3138 185 3191 ut
196 3124 331 3191 eosdem
346 3126 473 3193 libellos
488 3128 628 3192 mitteret
644 3127 847 3213 Imperatori,
861 3140 895 3193 et
913 3151 948 3193 se
968 3129 1047 3194 dicit
1064 3133 1186 3211 fecisse,

145 3211 238 3298 quod
260 3211 307 3276 illi
329 3227 533 3299 rogaverunt.
582 3213 718 3298 Scripsit
739 3214 919 3299 Imperator
940 3214 981 3278 ad
1002 3216 1187 3281 Miltiadem

145 3296 337 3395 episcopum
360 3310 392 3362 et
412 3300 575 3375 Marcum,
590 3299 779 3362 transferens
794 3299 836 3362 ad
850 3298 924 3362 illos
936 3321 1066 3363 causam
1083 3302 1187 3365 cccle-

146 3382 321 3460 stasticam,
335 3395 367 3445 et
381 3405 546 3447 removens
561 3406 579 3445 a
594 3405 639 3447 se.
685 3385 723 3446 In
738 3382 860 3446 eisdem
876 3382 976 3448 literis
991 3384 1101 3449 scribit
1117 3388 1187 3450 lm-

226 3479 278 3532 tor
287 3491 298 3546 ;
320 3467 445 3531 misisse
459 3489 493 3532 se
508 3467 634 3532 chartas
649 3468 760 3532 missas
775 3469 816 3531 ab
831 3468 997 3546 Anullino,
1012 3469 1091 3533 etin
1109 3471 1186 3571 ipsis

146 3486 252 3616 liidflris
264 3551 404 3638 ignorat,
437 3565 555 3638 patent,
572 3554 749 3638 ignoratur,
765 3563 795 3616 et
815 3552 925 3636 paullo
945 3565 1186 3639 post,cont1ne-

148 3648 211 3716 tur,
222 3636 375 3719 Dsnrs.)
387 3660 460 3724 quae
469 3638 533 3701 illae
543 3638 662 3702 ehartae
673 3637 747 3715 sint,
755 3638 810 3702 sed
822 3639 853 3702 in
865 3640 1031 3703 Relatione
1040 3642 1187 3707 Anullini

147 3721 368 3822 cognoscitur,
394 3745 467 3808 quae
493 3723 590 3787 hodie
616 3723 754 3808 publicis
781 3723 947 3787 codicibus
972 3725 1186 3792 continentur.

148 3805 278 3871 Deinde
300 3807 411 3871 scribit
430 3807 513 3871 idem
537 3807 768 3872 Constantinus
783 3807 824 3871 ad
839 3807 1042 3887 Anullinum,
1057 3824 1093 3874 ut
1112 3833 1187 3897 par·

149 3902 199 3956 tes
213 3892 353 3956 Romam
370 3891 487 3978 dirigat
500 3892 541 3956 ad
556 3892 737 3979 episcopale
754 3892 925 3978 judicium.
965 3895 1074 3959 Refert
1089 3897 1187 3960 etiam

149 3975 326 4041 Anullinus
340 3976 372 4040 in
383 3991 542 4056 extremo,
557 3978 681 4042 misisse
697 3999 730 4042 se
745 3991 861 4063 partes.
883 3981 952 4043 Vos
968 4001 1047 4064 ergo
1064 3978 1131 4045 istis
1145 3981 1187 4045 ad

151 4060 398 4147 lmperatorem,
411 4083 467 4126 vos
481 4083 610 4126 causam
624 4063 768 4128 ecclesiae
787 4063 828 4128 ad
847 4063 1021 4128 humanam
1041 4078 1186 4150 potesta·

151 4154 217 4211 tem
234 4146 406 4211 detulistis.
444 4145 504 4210 llle
520 4147 634 4212 melior
647 4169 743 4235 quam
759 4169 825 4212 ros.
860 4149 929 4214 Vos
948 4148 1034 4212 enim
1054 4147 1095 4211 ad
1119 4151 1187 4215 lm-

154 4242 332 4313 peratorem
352 4230 557 4314 deferebatis,
573 4232 627 4299 ille
640 4233 681 4300 ad
695 4232 876 4320 episcopos.
919 4232 1019 4300 Dicta
1030 4245 1080 4299 est
1092 4255 1189 4302 causa
