2684 4740
189 320 280 419 ‘382
317 317 492 386 ANNOT.
509 319 562 384 IN
577 316 612 382 S.
623 316 757 383 DION.
772 317 888 384 LlBB.
902 311 966 383 DE
981 315 1192 386 NATURA.

213 492 315 644 priuos,
333 505 371 556 ut
391 502 530 556 testatur
551 489 822 556 Montfauconius
841 513 875 577 p.
889 505 959 570 390.
993 491 1154 580 Catalogi‚
1171 491 1265 556 exli·

207 606 211 612 ·
256 581 282 642 's
296 577 505 665 Dionysianis
520 577 572 641 De
586 577 712 641 Natura
727 576 920 663 desumptae.
955 579 1085 642 Harum
1106 577 1206 643 unius
1227 580 1266 642 ti-

215 666 305 731 tulus
322 678 383 742 est,
398 663 466 750 ungi
481 663 599 746 φύσεως,
613 663 744 729 alterius
757 666 818 749 περὶ
833 662 938 749 φύσεως
953 663 991 728 α’.
1040 665 1126 729 Utra
1144 677 1267 743 autem,

217 773 258 817 an
274 764 397 829 neutra,
411 750 512 837 ῥήσεων
530 749 663 814 istarum
689 748 731 813 sit
752 748 824 827 iata,
840 772 913 835 quae
935 748 988 814 hio
1008 749 1133 816 sistitur
1146 772 1189 815 ex
1205 752 1268 814 Le-

207 883 213 893 ,
242 835 338 902 uieno
352 849 385 901 et
401 858 440 900 ex
453 835 587 901 Schedia
601 835 735 900 loannis
750 836 876 900 Ernesti
892 835 1005 900 Grabii
1019 836 1052 901 in
1068 836 1269 901 bibliotheca

208 859 396 989 iodleiana
417 943 552 986 numero
575 943 609 988 v.
636 921 765 1000 notatis,
788 921 910 1000 neseio,
938 941 1013 986 cum
1038 922 1154 987 eadem
1182 924 1270 1010 frag·

207 1021 327 1074 ,menta
349 1008 552 1094 diligentiam
573 1007 670 1072 amici
692 1005 862 1087 cu'usdam
884 1029 944 1109 pro
969 1028 1022 1071 me
1045 1008 1177 1074 Parisiis
1197 1030 1269 1094 per·

208 1094 392 1160 -serutantis
403 1093 586 1159 fefellerint.
609 1092 666 1158 Bis
676 1030 788 1158 eariem
800 1093 877 1180 plau
888 1114 921 1158 1n
932 1093 1198 1159 GrabiiSehedis
1211 1117 1267 1160 no·

219 1181 270 1246 bis
286 1179 437 1258 occurrit,
454 1193 486 1244 et
524 1180 678 1245 osteriore
694 1179 825 1266 quidem
844 1179 920 1245 loco
934 1202 973 1244 ex
989 1179 1054 1244 cod.
1073 1179 1266 1245 Claromont.

218 1266 383 1352 descripta
397 1201 627 1330 Purulsslorum
643 1265 845 1331 vetustiorum
860 1265 1013 1345 Joonnis3
1035 1289 1110 1354 quae
1133 1267 1267 1357 quidem

220 1352 377 1419 Parullela
400 1374 420 1416 a
444 1351 612 1438 Lequieno
634 1364 711 1439 post
735 1365 874 1419 mortem
901 1353 1013 1417 Grab''
1041 1353 1130 1418 edita
1155 1352 1268 1440 prodi·

219 1452 325 1505 erunt.
357 1440 401 1502 Et
414 1436 478 1502 hoc
493 1460 595 1502 unum
611 1438 716 1525 operis
731 1436 925 1526 Dionysiani
940 1372 1167 1524 fragmentum
1182 1438 1267 1527 apud

149 1581 156 1587 .
206 1524 421 1613 lequienuin
435 1523 577 1588 invenire
592 1525 684 1610 potui
695 1531 716 1603 ς’
727 1522 816 1611 quod
830 1537 863 1588 et
877 1547 898 1588 a
912 1523 1086 1588 Gallandio
1102 1523 1197 1590 video
1212 1525 1267 1590 ad·

214 1609 343 1701 jectum
364 1608 525 1697 prioribus
545 1610 702 1697 excerptis
724 1609 925 1689 Eusebianis‚
962 1632 1014 1674 uae
1030 1609 1102 1697 ipse
1120 1611 1156 1675 in
1176 1611 1266 1678 temo

206 1695 317 1764 tertio
345 1694 552 1762 Bibliothecae
582 1719 650 1761 suae
678 1698 814 1760 Putrum
847 1717 887 1760 ex
920 1632 1062 1761 elitione
1091 1696 1268 1784 Vigeriana

207 1784 262 1848 ,ad
286 1783 420 1850 verbum
449 1795 592 1870 sumpta,
621 1783 703 1848 inter
731 1795 849 1849 caetera
876 1781 1031 1870 Dionysii
1056 1780 1267 1850 Alexandrini

220 1870 417 1955 Fragmenta
430 1869 588 1955 reposuit.
721 1941 725 1949 ,

208 1959 236 2015 ,’
261 1956 301 2022 P.
311 1966 386 2031 370.
407 1954 429 2018 l.
446 1967 494 2018 14.
517 1961 571 2019 τῶν
589 1953 728 2041 μεγῖςων]
750 1954 816 2019 Hic
837 1952 1013 2020 editionem
1026 1955 1266 2022 -Parullelorum

209 2039 419 2128 ·l.equienam
440 2039 554 2140 reliqui
571 2046 688 2128 μεριςῶν
700 2039 888 2120 habentem,
905 2062 978 2105 narn
995 2040 1111 2106 Grabii
1126 2064 1267 2130 apogra*

207 2126 285 2216 ‘pha
298 2123 424 2212 μεγῖςων
438 2125 603 2192 exhtbent.

266 2211 454 2278 1bid.l.15.
476 2217 513 2276 τᾶ
534 2213 643 2301 ἀριθμεῖ
661 2217 697 2276 τῦ
717 2213 825 2296 αἰῶνος]
844 2211 932 2299 Quid
948 2211 991 2278 sit
1005 2211 1106 2292 istud,
1124 2212 1186 2280 nisi
1203 2212 1268 2301 sig·

209 2298 367 2365 nilieetur
380 2296 494 2362 mundi
508 2297 557 2362 vel
570 2297 692 2376 anima,
701 2298 752 2363 vel
767 2298 958 2378 substantia,
973 2310 1030 2363 aut
1045 2297 1189 2386 denique
1202 2300 1267 2386 ipse

220 2406 374 2450 numerus
396 2384 558 2465 denarius,
580 2383 710 2470 ignoro.
749 2384 849 2450 Cone.
869 2385 1040 2450 Meursius
1057 2386 1110 2449 De
1129 2386 1268 2451 Denario

209 2488 260 2537 ea
285 2471 369 2536 ‚ult
409 2484 503 2550 -109·

260 2493 352 2622 Iibid.
368 2491 459 2620 lpl6.
478 2554 612 2631 ’ἀτέλεςος
623 2557 701 2640 τῶν]
717 2557 914 2645 suppeditat
928 2553 1058 2643 quidem
1072 2554 1267 2642 particulam

219 2643 269 2708 καὶ
290 2656 364 2707 unte
383 2641 514 2717 ἁτὲλιςος
535 2642 650 2725 Grabii
668 2656 844 2731 utrumque
866 2641 1106 2742 apographum,
1126 2640 1173 2706 ita
1193 2661 1267 2708 vero

220 2727 303 2794 illud
320 2736 374 2791 τῶν
393 2728 566 2794 delendum
589 2750 658 2795 esse
673 2729 844 2812 videretur,
860 2744 953 2819 atqut
967 2728 1080 2794 malim
1093 2754 1124 2792 τε
1141 2727 1270 2795 encliti-

221 2837 296 2904 eum
311 2835 371 2901 pro
385 2820 438 2878 τῶν
454 2837 621 2904 reponere.
