2684 4740
228 304 469 378 ARCHELAI
490 310 547 375 ET
566 305 774 376 MANETIS
794 302 1080 373 DISPUTATIO.
1117 317 1178 390 217

142 483 300 548 scelerata
322 482 510 547 conventio:
533 481 676 551 ,abortus
703 491 753 544 est
777 492 862 557 vero,
890 499 954 541 non
980 490 1103 562 partus,
1131 475 1180 540 la-

143 612 246 678 queus
261 590 373 654 mortis
388 589 543 653 informis.
589 587 652 652 Sed
667 600 700 652 et
715 602 763 666 tu,
777 587 803 650 si
818 586 997 671 malignum
1012 607 1050 650 ex
1062 598 1094 649 te
1107 606 1183 670 pro-

145 703 270 780 tuleris,
279 716 314 767 et
324 702 422 766 facias
436 701 506 788 ejus
521 701 807 786 concupiscentias,
821 699 962 785 genuisti
977 722 1066 778 eum,
1078 711 1110 762 et
1123 720 1183 783 pa-

146 822 194 875 ter
208 811 280 898 ejus
293 831 362 874 esse
378 811 519 889 diceres;
542 811 569 874 si
585 831 658 874 vero
671 810 893 894 poenitentiam
909 809 1058 894 gesseris,
1079 819 1112 872 et
1125 809 1183 873 ab·

144 918 267 1006 jeceris·
277 919 414 1005 pondus,
430 919 516 983 velut
531 920 698 1004 parturies.
743 919 792 982 Ut
808 919 891 981 enim
908 918 939 979 in
955 916 1038 981 ludis
1055 917 1183 981 schola·

147 1028 247 1108 ribus,
268 1028 295 1093 si
316 1028 475 1114 acceperit
496 1028 567 1114 quis
592 1049 611 1092 a
634 1028 790 1114 magistro
817 1027 996 1106 materiam,
1023 1027 1183 1112 reliquum

148 1157 264 1222 corpus
279 1137 432 1201 orationis
446 1159 484 1200 ex
500 1137 672 1222 semetipso
685 1148 829 1222 generet,
843 1140 882 1200 lc
896 1147 1054 1222 procreet,
1069 1158 1182 1200 eorum

122 1242 128 1254 “
149 1267 220 1331 quoe
241 1247 400 1331 genuerit,
422 1238 591 1310 hconditor
612 1246 680 1330 ipse
695 1245 831 1324 dicitur3
847 1245 900 1309 'ita
925 1245 981 1331 qui
998 1266 1037 1308 ex
1057 1266 1184 1309 summa

150 1356 271 1420 malitia
291 1378 405 1442 parum
428 1356 505 1442 quid
528 1355 677 1420 fermenti
699 1355 868 1440 acceperit,
890 1367 981 1441 pater
1002 1366 1035 1419 et
1056 1356 1185 1441 genitor

148 1459 273 1525 dicatur
297 1483 426 1526 necesse
450 1475 499 1526 est
523 1460 619 1540 illius,
643 1462 698 1548 qui
722 1462 764 1526 ab
790 1460 882 1525 initio
907 1461 1025 1525 restitit
1049 1461 1184 1527 veritati.

150 1571 250 1637 Quod
267 1571 364 1635 simili
385 1571 485 1635 modo
505 1570 670 1657 provenire
688 1580 796 1656 potest
814 1569 912 1634 etiam
928 1569 989 1649 his,
1006 1570 1061 1657 qui
1075 1571 1185 1636 virtuti

149 1679 297 1757 student3
319 1701 393 1744 nam
416 1678 520 1743 audivi
542 1678 735 1743 fortissimos
757 1678 841 1741 viros
867 1678 972 1742 dicere
999 1679 1040 1743 ad
1061 1681 1184 1759 Deum,

148 1791 162 1826 ⁴
173 1799 303 1872 propter
327 1787 466 1851 tiruorem
490 1797 579 1851 tuum
604 1786 791 1850 iDominum
817 1786 850 1849 in
873 1796 958 1850 utero
983 1788 1184 1873 concepimus,

148 1905 176 1958 et
204 1895 371 1976 doluimus,
397 1907 427 1960 et
452 1895 626 1981 peperimus
651 1894 797 1979 spiritum
823 1893 956 1974 saluum
985 1894 1087 1962 ita'et
1109 1897 1182 1983 qui-

148 2025 276 2091 cunque
290 2004 332 2069 de
346 2005 462 2069 timore
477 2004 621 2090 maligno
636 2003 833 2088 concipiunt,
845 2016 878 2068 et
889 2003 1018 2088 pariunt
1035 2004 1183 2090 spiritum

148 2114 335 2201 iniquitatis,
350 2115 410 2201 ipsi
426 2127 533 2201 patres
547 2114 617 2202 ejus
632 2115 779 2179 dicantur
794 2135 922 2177 necesse
937 2126 1005 2192 est;
1029 2113 1083 2178 filii
1098 2115 1183 2180 enim

115 2210 130 2215 “
149 2223 312 2304 dicuntur,
326 2225 404 2288 dum
421 2223 526 2288 adhuc
546 2223 723 2288 ministerio
742 2222 811 2309 ejus
829 2235 953 2307 parent,
971 2234 1077 2308 patres
1096 2245 1184 2304 vero,

149 2335 204 2420 qui
219 2334 261 2398 ad
276 2334 505 2419 perfectionem
521 2334 651 2398 malitiae
666 2344 887 2419 pervenerunt.
932 2335 983 2397 Ita
998 2347 1185 2420 namque‘et

148 2442 311 2508 Dominus
333 2454 443 2507 noster
463 2443 509 2506 ait
530 2443 572 2506 ad
595 2441 785 2518 Pharisaeos,
810 2441 867 2505 Vos
886 2440 924 2504 de
941 2452 1035 2525 patre
1049 2441 1183 2506 Diodoto

147 2549 232 2629 estis,
248 2550 330 2614 filios
344 2572 400 2615 eos
415 2550 534 2615 faciens
548 2550 644 2628 illius,
658 2548 761 2612 donec
776 2547 882 2614 adhuc
896 2550 1081 2615 conturbari
1094 2550 1180 2615 vide·

148 2659 276 2739 bantur,
295 2670 330 2723 et
346 2660 535 2745 cogitabant
543 2661 579 2723 ¹in
596 2658 746 2724 cordibus
761 2659 826 2723 suis
841 2657 926 2723 mala
940 2680 1000 2744 pro
1015 2659 1110 2725 bonis
1125 2662 1189 2726 ad··

148 2791 273 2836 versum
280 2757 403 2857 justos.
439 2773 528 2856 Ergo
542 2769 627 2855 apud
643 2791 677 2833 se
692 2768 768 2832 talia
780 2768 1008 2854 cogitantibus,
1023 2770 1185 2836 translatis

148 2875 179 2942 iu
194 2896 231 2940 se
245 2876 396 2962 malignis
408 2897 521 2941 eorum
537 2873 802 2960 cogitationibus,
824 2875 844 2938 J
847 2874 926 2939 udas
947 2874 1106 2938 malorum
1128 2888 1189 2940 cai

147 2999 218 3071 put,
232 2999 267 3051 et
288 2986 328 3051 sd
351 2986 530 3072 perfectum
553 2983 730 3070 perducens
751 2983 861 3068 iniqua
881 2982 1026 3060 consilia,
1048 2984 1182 3049 effectus

147 3107 196 3161 est
212 3095 340 3159 sceleris
353 3106 456 3181 pater,
477 3089 686 3158 immanitatis
701 3114 768 3156 suae
782 3092 918 3178 praemio
932 3092 974 3156 ab
988 3091 1034 3156 eis
1049 3092 1182 3178 triginta

146 3203 306 3290 argenteis
328 3202 526 3280 honoratus3
549 3212 638 3266 totus
651 3199 737 3264 enim
762 3201 819 3262 ⁵Iu
837 3209 993 3282 cumpost
1014 3198 1189 3266 buccellam·

144 3310 238 3395 panis
260 3311 416 3399 ingressus
432 3321 484 3375 cst
499 3307 661 3374 Diabolus.
706 3307 772 3372 Sed
791 3320 827 3371 ut
845 3307 995 3384 diximus,
1009 3319 1188 3394 postquam

147 3431 267 3484 uterus·
285 3419 451 3496 intumuit,
478 3430 511 3481 et
538 3417 688 3481 dolorum
714 3425 843 3499 tempus
869 3413 1005 3494 advenit,
1031 3416 1182 3483 abortum

146 3532 268 3596 fascem
286 3531 404 3617 iniquae
424 3529 642 3615 conceptionis
662 3526 786 3603 effudit,
808 3536 842 3589 et
862 3523 936 3598 ideo
958 3544 1017 3587 nec
1039 3525 1182 3609 perfect·

146 3652 239 3724 pater
249 3638 490 3724 appellabatur,
505 3638 566 3701 nisi
579 3658 620 3701 eo
634 3648 759 3701 tantum
775 3646 933 3719 tempore,
955 3654 1021 3719 quo
1040 3655 1182 3720 concep-

137 3748 387 3833 tus-gerebatur
400 3747 432 3810 in
448 3760 560 3823 utero;
581 3758 694 3830 postea
707 3764 781 3807 vero
796 3763 893 3829 quam
908 3741 1057 3826 confugit
1072 3741 1113 3806 sd
1132 3743 1189 3807 la·'

147 3877 283 3942 qucum,
299 3876 364 3923 non
380 3855 543 3940 integrum
558 3852 681 3919 videtur
696 3851 832 3916 edidisse
852 3863 992 3936 partum,
1016 3850 1091 3936 quia
1111 3872 1182 3937 poe·

148 3961 284 4027 nitentia
299 3963 471 4028 subsecuta
484 3973 543 4026 est.

147 4120 160 4152 ¹¹
174 4118 259 4182 (Geni.
270 4123 344 4171 Dion.
356 4121 396 4169 Al.
409 4121 499 4183 Fragm.
510 4119 554 4167 lin.
566 4119 783 4184 penult.pag·199.
794 4117 899 4167 volmei
910 4117 955 4180 iii.)
974 4119 1066 4175 'Fortu
1079 4116 1181 4167 Domine.

384 4201 398 4236 ⁴
416 4201 481 4266 (lsai.
493 4203 561 4249 xxvi.
574 4199 622 4262 ts.)
728 4203 739 4238 ⁵
755 4201 825 4248 ioan.
838 4200 890 4248 xiii.
902 4208 943 4255 st.
