2684 4740
229 319 290 366 200
322 283 561 367 Ascurum
584 285 866 369 eruturus
887 292 1178 371 ursrur'Arro

231 490 373 551 saurum,
401 483 434 535 et
460 495 570 559 parere
595 474 636 552 ei,
660 488 812 560 tanquam
838 475 879 538 ab
902 474 970 555 illo,
995 475 1050 561 qui
1074 475 1268 560 signaverat,

231 579 350 658 misso;
374 581 380 625 ῑ
394 584 448 667 qui
465 607 539 647 cum
557 607 616 647 nec
631 583 733 647 claves
755 584 948 663 ostenderet,
963 605 1065 670 neque
1080 581 1268 668 signaculo·

233 711 305 752 rum
319 689 414 754 fidem
427 692 574 772 deferret,
591 693 802 779 (nequeenim
818 692 958 757 habebat
968 692 1035 779 jus)
1049 690 1269 756 acustodibus

225 784 355 882 xejectus
376 812 436 877 est,
460 812 492 862 et
513 801 663 885 fugatus3
687 801 738 862 fur
759 800 845 862 enim
869 801 986 884 potius,
1008 811 1040 862 et
1059 799 1139 861 latro
1159 798 1200 861 ab
1220 796 1269 860 eis
1321 832 1325 838 ·

228 929 297 971 esse
321 909 581 995 deprehenditur,
603 911 780 988 convictus,
807 921 840 972 et
862 909 1083 994 kconiugatus
1105 907 1201 970 etiam
1226 927 1269 969 ex

227 1016 303 1095 hoc,
319 1018 406 1103 quod
422 1033 497 1103 post
512 1019 652 1082 multum
667 1021 806 1104 tempus,
821 1039 918 1104 quam
938 1017 1130 1102 promissum
1147 1016 1267 1091 fuerat,

227 1127 339 1190 adesse
354 1127 525 1205 desideret,
541 1151 644 1214 neque
657 1129 770 1206 claves,
784 1150 887 1213 neque
903 1126 1079 1211 signacula,
1093 1146 1198 1212 neque
1212 1124 1268 1189 ul·

226 1226 296 1299 lum
312 1236 443 1299 omnino
459 1237 647 1301 custodibus
664 1236 817 1299 indicium
837 1236 992 1313 deferens,
1014 1257 1078 1298 non
1099 1232 1266 1320 quantita·

226 1356 293 1409 tem
314 1347 467 1411 frumenti
491 1349 647 1413 reconditi
669 1349 783 1426 sciens,
803 1371 876 1434 quae
895 1347 1004 1411 onmia
1025 1347 1194 1410 manifesta
1214 1348 1267 1411 iu·

225 1452 309 1517 dicia
325 1469 411 1533 sunt,
426 1441 630 1542 nequaquam⁴
643 1480 716 1520 eum
733 1457 774 1520 ab
795 1456 852 1520 illo
871 1477 940 1520 esse
959 1444 1196 1535 transmissum,
1210 1453 1267 1519 let

226 1560 313 1642 ideo,
329 1577 365 1627 ut
380 1580 611 1648 consequenter
624 1580 702 1648 erat,
718 1588 737 1630 a
751 1565 940 1630 custodibus
955 1577 1129 1629 reservatus
1145 1576 1206 1628 est.

272 1673 417 1737 XXVII.
448 1672 550 1736 Aliud
567 1674 676 1753 etiam,
700 1674 726 1736 si
748 1673 883 1752 videtur,
907 1672 1044 1737 dicimus
1064 1673 1265 1759 exemplum.

225 1780 339 1842 Homo
358 1779 489 1864 quidam
511 1781 738 1864 paterfamilias
760 1781 845 1845 dives
863 1771 1050 1866 plurimum,
1072 1780 1113 1844 ad
1132 1770 1266 1867 tempus

175 1933 184 1950 .
225 1910 358 1975 peregre
379 1890 559 1968 abfuturus,
583 1891 652 1957 filiis
679 1891 743 1954 suis
766 1890 928 1976 pollicitus
950 1905 1009 1970 est,
1032 1891 1214 1956 missurum
1230 1911 1274 1954 se·

226 2021 294 2064 esse
310 2000 461 2085 aliquem,
477 2003 532 2087 qui
548 2024 606 2087 pro
622 2025 655 2065 se
670 2002 875 2066 distribueret
887 2002 933 2066 eis
948 2024 988 2065 ex
1003 2022 1097 2086 aequo
1112 2001 1266 2065 substan-

226 2110 318 2174 tiam.
362 2112 405 2172 Et
427 2111 557 2196 quidem
588 2135 651 2175 non
679 2113 783 2177 multo
807 2124 882 2198 post
908 2112 995 2175 misit
1024 2124 1132 2179 tutum
1155 2110 1275 2176 'virum

226 2218 400 2306 quendam,
417 2219 555 2306 justum,
576 2233 609 2284 et
628 2243 750 2299 verum,
770 2222 826 2308 qui
847 2244 921 2287 cum
942 2222 1089 2300 venisset,
1113 2234 1267 2308 suscepte

226 2313 374 2393 uniuersa
388 2330 575 2408 substantia,
590 2331 695 2415 primo
716 2329 861 2394 omnium
886 2329 1040 2394 instruere
1059 2350 1130 2393 eam
1151 2351 1190 2394 ac
1212 2312 1265 2394 re·

224 2465 302 2530 gere
322 2442 458 2521 studuit,
484 2443 632 2507 laborans
657 2445 831 2529 plurimum
858 2444 891 2506 in
915 2443 1094 2520 itineribus,
1109 2439 1264 2505 mesdeus

224 2553 292 2639 ipse
308 2575 364 2638 per
380 2575 414 2617 se
430 2553 494 2616 suis
508 2554 655 2616 manibus
671 2574 753 2638 opus
768 2553 899 2630 faciens,
912 2565 944 2615 et
960 2552 1159 2628 ministrans3
1180 2549 1264 2615 ¹¹de·

225 2661 301 2726 iude
328 2661 504 2726 moriturus
529 2675 758 2727 testamentum
783 2660 904 2739 scribit,
928 2661 1117 2747 propinquis
1141 2659 1267 2724 suiset

118 2795 132 2817 ·
225 2771 380 2856 proximis
396 2772 546 2835 omnibus
556 2771 781 2835 ¹haereditatem
796 2770 1031 2855 derelinquens,
1051 2782 1084 2833 et
1098 2769 1269 2853 signacula

227 2879 316 2943 dedit
331 2880 388 2957 eis,
403 2893 436 2942 et
455 2878 645 2942 nominatim
666 2879 810 2965 singulos
831 2899 1021 2956 convocans,
1042 2876 1198 2963 praecepit
1219 2876 1268 2942 eis

226 3083 333 3136 surrepto,
347 3090 383 3119 rut
391 3075 503 3135 profecta,
514 3073 586 3120 mittit
597 3075 703 3138 quendam
715 3075 837 3131 servulum,
848 3074 891 3121 sibi
906 3074 993 3139 quidem
1000 3073 1103 3136 fidelem,
1118 3073 1158 3119 sed
1172 3073 1202 3120 de
1218 3074 1270 3136 ipsa

227 3154 282 3202 Fide
290 3152 383 3214 pessime
394 3163 519 3211 merentem,
531 3153 570 3218 qui
576 3154 660 3214 puellae
670 3155 792 3211 nuntiaret,
804 3154 863 3218 quod
872 3171 919 3200 eam
924 3154 1019 3216 juvenis
1026 3154 1139 3217 profectus
1147 3153 1179 3199 ad
1193 3153 1271 3202 villat-

227 3233 273 3280 Iam
289 3242 380 3279 vocaret
396 3233 428 3278 ad
442 3250 479 3292 εις
494 3233 579 3290 addito,
591 3244 616 3280 tet
625 3234 680 3291 sola,
694 3245 714 3280 et
725 3234 771 3281 sine
781 3234 826 3280 ullo
837 3234 914 3280 comite
925 3251 992 3298 quam
1004 3233 1152 3280 maturissime
1156 3234 1271 3294 perveni-

226 3324 269 3361 ret.
303 3313 336 3360 Et
352 3330 378 3358 ne
395 3330 440 3377 qua
447 3315 512 3376 forte
527 3323 651 3360 nasceretur
665 3314 768 3361 veniendi
779 3314 881 3372 contario,
894 3314 964 3360 tradit
975 3313 1064 3361 anulum
1076 3313 1155 3360 marito
1165 3313 1272 3361 subtrae-

227 3405 284 3452 tum,
297 3393 336 3459 qui
346 3393 560 3454 monstratus,fidem
570 3393 645 3439 verbis
653 3393 832 3455 adstipulamur.
855 3393 889 3439 At
899 3392 941 3441 illa
949 3393 1051 3439 mandato
1054 3392 1143 3456 fratris
1153 3392 1272 3458 obsequens

229 3475 277 3538 (hoe
286 3475 344 3521 enim
354 3491 429 3520 nomen
440 3473 485 3520 sola
495 3471 585 3533 sciebat)
599 3483 691 3534 respecto
702 3475 769 3519 etiam
780 3474 841 3536 signo
853 3475 906 3536 ejus,
918 3474 977 3539 quod
990 3474 1130 3538 offerebatur,
1146 3469 1272 3536 guaviter,

227 3567 254 3604 ut
260 3556 492 3620 praeceptumfuerat,
505 3555 632 3603 incomitata
636 3556 744 3619 festinat,
756 3557 801 3602 dec.

262 3637 268 3673 ἰ
285 3636 449 3684 Ιηῦαείηεηεῑ
463 3634 607 3700 Quicumque.
635 3636 681 3684 Sed
692 3651 776 3683 sensus
787 3634 907 3697 postulare
917 3636 1020 3693 videtur,
1033 3644 1060 3684 ut
1071 3633 1111 3699 qui
1122 3650 1171 3681 cum
1183 3651 1224 3682 nec
1235 3633 1275 3682 le·

229 3728 308 3787 gailli-

261 3798 275 3836 l‘
292 3800 370 3854 Forte,
383 3797 515 3860 creffutatus.

262 3878 269 3915 1
287 3880 317 3931 ln
328 3879 408 3926 codice
419 3878 543 3925 Casinensi
554 3877 650 3940 legitur,
663 3888 684 3923 er
695 3877 741 3923 ideo
752 3887 909 3942 consequenter.

262 3967 282 3991 ¹²¹
293 3963 372 4017 Forte,
384 3958 422 4004 sed
431 3968 452 4003 er
463 3958 555 4018 ipseper
566 3975 595 4004 se.
616 3958 674 4016 (Hic
686 3957 790 4005 Paulum
802 3958 909 4005 maxime
920 3956 1048 4018 significari
1061 3955 1172 4005 firmatur
1183 3969 1208 4003 c.
1216 3955 1271 4018 24.)

261 4045 274 4072 n
292 4042 321 4090 ln
333 4040 415 4088 codice
426 4038 560 4095 casinensi,
575 4037 661 4085 Deinde
671 4037 706 4083 die
717 4037 843 4094 moriturus,
855 4051 899 4084 nos
911 4037 1044 4083 secundam
1055 4049 1152 4094 vocem,
1163 4049 1198 4085 ex
1209 4051 1275 4100 proe·

229 4117 335 4172 cedentis
347 4121 411 4169 verbi
423 4128 551 4181 postremae
562 4119 660 4180 syllabae
672 4119 811 4180 repetitione
821 4118 896 4165 veluti
907 4118 1030 4173 insertam,
1040 4115 1196 4165 sustulimus.
1224 4117 1274 4166 Vel

228 4206 326 4257 sonasse
336 4202 477 4265 legendum,
491 4198 577 4246 Deinde
586 4199 631 4259 die,
642 4215 686 4263 qua
697 4199 813 4246 meriturus
824 4207 882 4258 erat,
894 4206 1055 4246 testamentum.
