2684 4740
193 303 255 389 238
291 296 531 366 nnonnnm
551 289 609 362 nr
626 294 834 363 nunnus
856 296 1147 365 nrsaururno,

192 471 379 548 bernentur,
395 492 459 533 non
480 478 634 554 poterunt
655 467 786 553 majoris
806 467 953 553 magistri
974 487 1089 553 capere
1109 465 1235 532 doetri-

194 600 281 644 nam.
1099 580 1104 593 ’

234 687 344 752 XLII.
369 688 432 751 Sed
446 699 479 751 et
494 685 534 750 de
549 686 619 750 aliis
634 687 847 766 sermonibus,
864 699 901 752 ut
920 697 1047 773 potero,
1058 701 1235 772 exponam,

191 795 285 872 idest,
301 796 388 883 quod
404 818 468 860 non
490 794 649 859 contraria
670 795 784 881 Moysi
801 795 930 858 locutus
951 806 1002 858 est
1022 796 1128 873 Jesus‚
1151 791 1235 856 kaut

191 904 281 970 fecit.
327 904 468 968 Primum
485 902 572 989 quod
586 902 632 965 ait
654 903 785 967 oculum
808 924 867 989 pro
889 904 996 981 ocu10,
1020 902 1152 967 dentem
1173 922 1235 986 pro

181 1014 299 1093 dente,
317 1013 323 1059 ¹
337 1014 401 1079 hoc
409 1013 537 1099 justum
554 1026 603 1077 est
612 1037 622 1092 3
647 1013 735 1098 quod
755 1025 863 1077 autem
879 1034 998 1077 caesum
1014 1023 1167 1098 praestare
1176 1009 1234 1096 ju·

180 1125 251 1190 -bet
275 1137 308 1188 et
332 1126 465 1189 alteram
490 1125 666 1205 maxillam,
690 1125 790 1189 mhoe
813 1126 940 1191 bonitas
965 1138 1027 1190 est.
1070 1121 1234 1211 Nunquid

180 1231 318 1320 -J'ustitia
337 1234 473 1298 bonitati
494 1234 655 1298 contraria
679 1240 749 1300 est?
787 1235 886 1299 Absit
896 1258 912 1312 ;·
932 1236 1096 1322 profectus
1123 1244 1234 1298 autem

180 1353 244 1406 -est
259 1341 299 1405 de
309 1341 438 1428 justitia
452 1342 493 1407 ad
508 1341 700 1407 bonitatem.
746 1345 789 1406 Et
802 1365 924 1422 rursus,
938 1343 1086 1430 ‘Dignus
1100 1352 1149 1406 est
1163 1357 1235 1426 epe-

193 1450 298 1515 rurius
313 1452 448 1517 mercede
463 1473 530 1515 suu.
566 1450 665 1537 Quod
680 1451 707 1514 si
721 1451 856 1516 voluerit
873 1451 944 1538 quis
957 1450 1102 1516 fraudem
1115 1451 1236 1527 facere,

194 1558 308 1646 ”exigi
329 1562 370 1624 ab
392 1582 432 1624 eo
454 1560 520 1638 issa,
538 1583 611 1645 quae
630 1581 687 1645 per
707 1559 853 1624 fraudem
876 1560 1099 1646 interceperat,
1117 1556 1235 1644 justis·

179 1668 310 1734 :simum
326 1681 386 1748 est,
401 1668 540 1733 maxime
562 1690 636 1732 curn
658 1667 825 1733 multa'sit
845 1690 979 1733 meroes.
1024 1671 1101 1733 Hoc
1122 1672 1232 1731 a'utem

183 1776 281 1857 dieo,
297 1778 428 1864 quando
443 1778 596 1864 AEgyptii
615 1776 801 1862 affligebant
816 1778 897 1843 filios
913 1778 1012 1842 Israel
1026 1798 1083 1863 per
1095 1778 1242 1862 operum

180 1887 416 1973 -eompulsores
438 1888 470 1949 in
493 1887 649 1973 fingendis
672 1887 836 1968 lateribus,
858 1886 1044 1975 quodcum
1066 1883 1234 1972 suppliciis

194 1997 331 2083 Moyses
354 2007 460 2061 totum
484 1996 601 2082 pariter
622 1996 705 2061 intra
726 2018 828 2061 unum
849 2008 1050 2060 momentum
1078 1992 1234 2081 temporis

179 2107 312 2192 exegit.
358 2120 373 2151 ⁰
383 2105 540 2192 Nunquid
555 2106 619 2170 hoe
633 2105 785 2191 iniquitas
799 2105 990 2191 appellanda
1004 2105 1075 2169 esti
1121 2103 1231 2169 Absit.

180 2217 256 2281 -Illa
269 2237 345 2280 sane
358 2215 512 2280 bonitatis
527 2227 576 2281 est
595 2214 825 2293 Pabstinentia,
848 2236 924 2278 cum
945 2214 1047 2279 utitur
1067 2212 1142 2299 quis
1162 2212 1232 2277 fru-

192 2325 319 2412 galiter,
333 2324 517 2388 renuntians
531 2321 693 2402 omnibus,
709 2346 782 2408 quae
802 2323 964 2409 superflua
981 2335 1067 2386 sunt.
1104 2317 1230 2408 unod

181 2457 267 2501 ·vero
281 2435 314 2498 in
327 2434 423 2499 veteri
437 2445 632 2498 testamento
647 2431 771 2495 dictum
786 2444 852 2496 est:
876 2434 970 2516 ⁹Ego
985 2431 1116 2496 divitem
1133 2429 1229 2508 facio,

178 2555 229 2610 -et
247 2548 441 2630 pauperem3
465 2544 560 2606 Jesus
585 2551 660 2605 vero
683 2539 845 2605 beatificat
867 2562 1034 2626 pauperes,
1060 2562 1126 2604 non
1152 2537 1231 2603 dixit

192 2665 205 2698 ¹
212 2653 364 2718 secularis
379 2650 566 2716 substantiae
582 2670 750 2735 pauperes,
764 2648 822 2713 sed
834 2669 990 2734 pauperes
1001 2648 1127 2733 spiritu,
1138 2648 1231 2726 idest,

176 2760 252 2845 *qui
271 2782 337 2824 non
357 2759 507 2844 superbia
520 2758 794 2836 sinflammantur,
807 2757 864 2821 sed
878 2757 1060 2821 humilitate
1073 2757 1230 2823 tsemiti-

178 2893 181 2897 ·
195 2882 286 2953 gant,
303 2882 337 2932 et
350 2867 517 2944 inclinant,
540 2870 550 2897 ²
563 2888 628 2929 non
647 2866 721 2952 plus
735 2867 906 2951 sapientes,
921 2888 1018 2952 quam
1034 2876 1229 2951 oportetsa

209 3004 241 3048 'k
258 3011 324 3059 Male
334 2990 481 3067 Casinensis,
499 3016 571 3054 autem
579 3007 651 3070 secia
683 3009 716 3054 Ae
732 3009 758 3056 in
775 3008 887 3056 Bobiensi
903 3009 985 3056 codice
1000 3009 1119 3069 sequitur,
1131 3007 1230 3055 Primam

193 3092 291 3158 quidem,
303 3090 361 3157 quod
369 3091 411 3137 ait.

226 3172 234 3204 ¹
252 3173 334 3221 Codex
346 3171 478 3227 Rabienus,
491 3169 514 3216 in
525 3171 570 3216 hoc.

226 3258 245 3286 ¹¹¹
257 3255 287 3301 In
298 3253 410 3300 Bobiensi
422 3252 505 3299 codice
516 3252 556 3298 hic
568 3249 638 3314 plura
648 3252 720 3299 verba
731 3256 836 3313 desunt;
854 3252 927 3300 habet
941 3252 1019 3310 enim,
1036 3252 1074 3298 hoe
1090 3251 1174 3300 bonitas
1192 3261 1229 3298 est.

195 3335 269 3383 Absit.
702 3336 705 3341 ⁴

178 3452 183 3458 -
227 3421 241 3448 ὓ
257 3417 340 3467 Codex
356 3414 489 3472 Bobiensis,
507 3423 528 3460 et
545 3412 607 3475 exigi
625 3413 653 3458 ab
671 3430 692 3457 ea
710 3412 761 3471 illa,
774 3430 825 3478 quae
831 3415 918 3477 fraude
929 3415 1080 3476 interceperat.
1115 3415 1231 3464 (lesinen-

193 3498 227 3546 sis
238 3511 303 3553 vero,
316 3495 379 3556 exige
390 3493 418 3538 ab
429 3512 451 3539 eo
463 3493 504 3538 illa
515 3509 566 3556 quae
569 3492 678 3554 fraudem
689 3491 841 3553 interceperat.
869 3495 920 3542 Nos
931 3509 962 3541 ex
973 3504 1075 3556 utroque
1086 3497 1170 3544 codice
1182 3509 1232 3543 me.

194 3575 280 3622 liorem
289 3574 420 3620 lectionem
431 3571 602 3618 conflavimus.

211 3663 240 3719 ,θ’
254 3653 354 3700 Bobien.
367 3651 446 3712 exigit.
471 3650 581 3715 Nunqm'd
589 3648 703 3714 iniquitas.

203 3721 208 3729 ⁵
229 3734 321 3781 ‘Hinc
339 3742 403 3794 patet
412 3731 538 3779 valesium
556 3741 619 3778 recte
636 3732 667 3778 ad
685 3731 821 3792 marginem
839 3733 980 3781 emendasse
998 3734 1124 3783 Bobiensis
1143 3736 1230 3783 codicis

194 3815 335 3870 lectionem,
347 3827 404 3873 quae
415 3812 498 3869 habet,
510 3811 617 3857 absentia.

227 3905 239 3942 q
257 3893 340 3942 Codex
352 3892 485 3949 Bobiensis,
497 3891 563 3938 Quod
571 3907 631 3952 ergo,
642 3898 666 3936 et
677 3904 745 3948 mox,
756 3891 823 3938 Jesur
834 3888 955 3955 beatificat.

121 3983 123 3986 ’
227 3982 237 4006 ¹
256 3976 340 4023 Codex
352 3973 487 4028 Bobiensis,
500 3970 595 4017 seculari
604 3971 734 4017 substantia.

174 4041 179 4114 Ι,
224 4067 235 4091 ¹
251 4057 330 4112 Forte,
343 4053 457 4116 irfianrar.

133 4122 157 4162 Ἰ
227 4143 238 4174 ί
251 4137 333 4183 Codex
345 4133 445 4180 Bobien.
457 4132 581 4179 humilitate
592 4129 705 4192 mitigant.

236 4215 248 4248 ⁸
261 4223 320 4273 Mat.
332 4234 356 4269 x.
371 4232 408 4269 ιο.
538 4221 550 4255 ⁹
563 4220 630 4267 Prov.
641 4221 700 4267 xxii.
713 4231 735 4268 a.
752 4220 813 4270 Mat.
824 4236 848 4271 v.
857 4232 881 4270 a.
1012 4224 1022 4254 ¹
1036 4226 1110 4276 Rom.
1122 4229 1202 4277 xii&
