2684 4740
160 364 162 369 .
200 322 269 394 300
447 306 483 373 s.
505 304 730 376 matrum
752 298 1002 377 mantuus.

200 477 266 545 orit
278 488 346 544 tem
367 473 460 543 nobis
477 477 534 566 qui
553 478 722 545 scribimus
738 499 912 546 onerosum
931 498 1030 569 quam
1052 479 1243 568 legentibus

201 589 386 658 taediosum.
430 591 496 657 Sed
518 591 635 658 suffieit
658 614 761 681 pauca
783 593 945 680 proferre·
960 587 996 658 in
1019 591 1139 680 quibus
1165 614 1242 658 om·

201 699 293 767 mum
308 702 455 788 profecto
471 701 567 768 facile
587 703 821 790 dignoscantur
837 701 965 769 indicia.
1008 704 1127 792 Neque
1148 702 1241 768 enim

201 822 315 879 oontms
341 813 477 879 Domini
505 813 698 881 sententiam
725 812 928 880 sentiendum
955 822 1017 894 est,
1035 811 1179 901 -ut‘1qui
1205 812 1241 878 in

198 919 312 1008 paucis
326 921 484 989 invenitur
498 921 612 1003 fidelis,
628 943 692 988 non
706 916 804 988 etiam
818 921 853 986 in
867 919 1027 988 muttis'et
1046 920 1160 987 haberi
1179 919 1242 986 de-

199 1029 278 1098 beat
292 1044 326 1098 et
337 1031 425 1098 credi
440 1031 553 1097 fidelis.
1129 1040 1133 1049 ’

200 1161 204 1169 ·
245 1140 388 1208 Primum
408 1162 488 1227 ergo
507 1162 548 1207 ex
565 1138 637 1228 ejus
653 1139 743 1206 libris
762 1160 921 1228 ponemus
941 1138 1125 1228 exemplum
1145 1140 1241 1229 quod

200 1249 249 1318 illi
271 1252 428 1340 superiori
451 1252 631 1332 conveniat,
653 1273 693 1317 ex
715 1273 757 1318 eo
775 1250 859 1316 libro
885 1271 983 1338 quern
1002 1249 1035 1314 in
1054 1249 1239 1337 Epistolem

202 1361 292 1428 Pauli
312 1362 465 1450 Apostoli
486 1363 527 1428 ad
544 1363 656 1428 'litum
677 1361 805 1448 scripsit
824 1360 866 1426 de
885 1382 927 1427 co
948 1359 1092 1448 capitulo
1113 1360 1146 1425 in
1169 1382 1239 1449 quo

200 1469 279 1536 tlicit
288 1469 467 1558 Apostolus
479 1495 490 1552 3
511 1484 539 1518 ¹¹¹
548 1471 739 1537 Haereticam
753 1469 906 1535 hominem
917 1479 987 1555 post
999 1490 1096 1534 anam
1110 1485 1238 1554 correp-

198 1577 315 1644 tionem
329 1579 453 1660 devita3
474 1577 570 1644 sciens
584 1578 659 1667 qnia
672 1595 832 1666 perversus
845 1589 904 1659 est,
921 1589 953 1643 et
969 1588 1091 1664 penem,
1113 1578 1171 1666 qui
1190 1589 1238 1644 ert

202 1708 222 1752 e
237 1688 396 1775 semetipso
417 1689 595 1755 damnatas.
637 1691 690 1754 De
703 1711 768 1776 quo
782 1689 861 1754 dicit
875 1689 978 1777 qualis
992 1690 1035 1754 sit
1054 1688 1111 1776 qui
1129 1689 1238 1755 hoere·

111 1786 115 1794 ¹
201 1795 296 1877 tiens,
311 1809 344 1863 et
359 1797 463 1885 qualis
478 1799 520 1864 sit
534 1799 590 1886 qui
601 1798 791 1865 Catholicae
800 1811 856 1864 est
867 1811 900 1862 et
913 1796 1171 1864 Ecclesiasticus.

201 1936 206 1941 ·
244 1907 460 1972 onerans.
493 1907 692 1991 (Comment.
712 1907 748 1973 in
766 1906 870 1994 Epist.
892 1907 934 1972 ad
953 1906 1238 1990 Titum.)·Nornen

203 2015 557 2093 haeresin—misceri.
600 2019 644 2083 Et
656 2030 731 2104 post
744 2015 828 2098 hee,
842 2016 953 2104 paucis
969 2016 1165 2104 quibusdam
1178 2039 1237 2105 per

200 2125 347 2191 medium
368 2125 505 2205 insertis,
527 2125 655 2214 adjecit.
703 2124 789 2214 Quid
802 2148 872 2191 vcro
887 2124 1149 2211 sit-*puritas
1194 2128 1236 2193 Et

198 2246 274 2323 post
287 2255 391 2320 pauca
403 2233 527 2299 addidit
541 2234 623 2300 hac.
667 2233 1050 2321 Requisicmnt—sicut
1066 2232 1128 2308 itti.

244 2344 321 2408 Istae
334 2365 428 2408 voces
444 2355 518 2408 sunt
538 2341 682 2431 ejusqui
702 2342 789 2408 velut
808 2343 977 2409 haereticus
1002 2355 1184 2422 accusatur,
1204 2358 1240 2410 et

202 2456 366 2544 corruptio
388 2479 426 2522 ac
447 2456 586 2544 perditio
605 2456 797 2537 animarum,
820 2451 868 2522 ab
883 2456 933 2523 his
954 2457 1010 2544 qui
1031 2479 1238 2555 nequaquam

198 2565 346 2630 ¹¹ostium
369 2566 418 2630 ori
439 2586 498 2631 suo
520 2576 554 2632 et
575 2565 713 2636 claustra
734 2565 831 2631 labris
853 2567 919 2632 suis
941 2565 1109 2652 imponere
1126 2568 1239 2632 aPro·

197 2672 297 2763 pheta
323 2675 512 2743 didicerunt.
556 2678 641 2765 Quae
666 2674 799 2764 quidem
827 2697 892 2740 non
918 2675 951 2740 in
971 2676 1104 2762 publico
1129 2676 1171 2741 ab
1196 2698 1237 2742 eo

198 2784 384 2866 dictasunt,
399 2784 435 2850 id
448 2797 508 2866 est,
523 2785 558 2850 in
571 2784 737 2851 communi
747 2785 900 2850 Ecclesiae
914 2768 1085 2866 auditorio,
1099 2786 1239 2852 neforto.

127 2887 132 2902 ¹
198 2905 329 2981 putetur
341 2907 471 2980 propter
485 2893 650 2959 audientes
665 2893 872 2960 favorabilem
888 2895 1012 2980 aptasse
1033 2884 1235 2962 sermonems

199 3004 257 3069 sed
271 3025 310 3068 ex
324 3003 387 3067 illis
401 3003 471 3070 haec
485 3003 574 3068 libris
589 3003 794 3091 protulimus,
806 3028 887 3092 quos
901 3006 934 3069 in
949 3017 1071 3070 secreto
1082 3005 1169 3093 apud
1184 3028 1234 3072 sev

198 3112 374 3199 metipsum
390 3111 480 3177 nullo
495 3113 614 3178 arbitro
629 3113 845 3179 intercedente
860 3114 1013 3180 dictabat.
1047 3116 1085 3179 In
1103 3138 1170 3202 quo
1185 3130 1235 3180 et,

198 3222 318 3290 tentius
334 3245 389 3289 vos
404 3221 484 3288 illud
500 3222 573 3288 volo
585 3223 787 3290 oonnderare
798 3225 888 3312 quod
899 3225 991 3305 dixit,
1001 3225 1078 3311 quia
1089 3231 1112 3267 “
1124 3224 1151 3290 si
1164 3227 1237 3313 quis

199 3339 224 3374 “
239 3332 355 3398 horum
370 3331 491 3420 aliquid
504 3333 762 3414 commutaverit,
778 3334 948 3401 haereticus
969 3348 1031 3414 est,
1053 3345 1109 3399 ⁰et
1128 3336 1236 3420 peccat

200 3443 272 3508 “in
285 3441 476 3509 subversione
493 3441 620 3528 positas,
642 3454 674 3507 ct
692 3465 712 3507 a
730 3443 890 3528 semetipso
912 3443 1090 3522 damnatus,
1114 3463 1234 3509 secun·

199 3556 225 3595 “
240 3551 318 3616 dum
327 3550 479 3637 Apostoli
491 3551 701 3616 sententiam:
723 3551 817 3639 cujus
828 3566 862 3618 et
871 3573 931 3617 nos
940 3551 1126 3618 auctoritati
1138 3553 1235 3618 obse*

199 3665 224 3702 “
239 3671 372 3747 quentes
386 3659 496 3725 eadem
512 3660 828 3727 sentiredebemus.”
864 3661 950 3726 Cum
962 3683 1042 3748 ergo
1055 3661 1127 3727 haec
1141 3663 1188 3728 ita
1199 3685 1235 3729 ss

197 3770 348 3848 habeant,
363 3791 562 3858 consequens
577 3771 714 3835 arbitror
728 3772 926 3858 interrogare
941 3771 1020 3836 istos
1035 3771 1123 3857 ipsos
1135 3792 1234 3837 aecu-

201 3893 323 3947 satores
337 3877 420 3967 ejus,
435 3880 462 3944 si
477 3880 538 3965 ipsi
555 3880 647 3944 aliter
665 3902 762 3965 quam
782 3881 853 3966 ejus
874 3879 1006 3945 vocibus
1027 3879 1235 3967 designatum

200 4003 260 4071 est,
271 3991 319 4055 vel
327 3989 375 4053 -de
390 3989 542 4054 haeretieo
557 3989 707 4069 sentiunt,
721 3990 771 4054 vel
783 3989 823 4053 de
832 3989 1010 4055 -catholicoz
1039 3990 1165 4055 Dicant
1172 3990 1235 4078 ipsi

198 4116 274 4189 'qaae
289 4100 351 4166 alie
365 4099 675 4166 sunt-Ecclesiastica
686 4098 852 4188 dogmata,
867 4101 894 4164 si
907 4099 1057 4167 haecnon
1069 4102 1235 4189 sunt-qua

200 4232 446 4287 manaan(
494 4235 717 4287 erientiam.
785 4234 984 4288 annones.
1016 4209 1018 4213 ’
1047 4235 1204 4299 wanno
