2684 4740
60 356 69 374 r
182 305 244 374 266
270 300 515 369 ARCHELAI
537 303 593 369 ET
612 302 818 369 MANETIS
837 298 1128 388 DlSPUTATIO.
1213 308 1216 312 '

180 470 327 551 audiatis,
342 485 377 537 et
395 471 468 537 fidei
490 484 607 537 nostra
628 471 845 558 experimenta
863 470 1013 557 cepistis3
1034 480 1133 557 prout
1152 491 1213 556 po·

179 580 228 646 tui
241 580 326 645 enirn
343 580 519 666 intelligere
533 580 723 665 Scripturas,
745 601 854 645 coram
876 579 1027 645 omnibus
1045 579 1137 646 vobis
1155 600 1212 643 ex·

139 756 141 760 ,
180 687 285 774 posui.
325 688 390 752 Sed
399 677 488 753 xnunc
503 687 713 774 fpaucissirne
732 688 839 753 dicere
862 688 1022 753 volentem
1042 687 1211 775 deprecor,

179 808 217 860 ut
232 818 306 861 cum
321 796 448 861 silentio
462 794 610 874 audiatis,
622 807 660 860 ut
674 795 866 882 agnoscatis,
881 795 935 883 qui
951 795 1006 875 sit,
1018 807 1053 860 et
1066 794 1165 874 unde,
1177 807 1214 861 et

181 905 284 990 qualis
305 904 347 970 sit
368 905 439 983 iste,
461 903 517 991 qui
539 903 676 981 advenit,
697 904 781 969 sicut
803 903 938 969 Sisiniua
957 902 1113 991 tquidarn
1128 925 1212 968 unus

179 1033 219 1077 ex
233 1011 406 1077 comitibus
419 1011 489 1099 ejus
502 1011 651 1078 indicavit
666 1013 758 1091 mihi,
773 1034 869 1099 quem
884 1012 982 1078 etiam
1002 1012 1044 1078 ad
1064 1012 1213 1078 testimo-

179 1121 268 1186 nium
283 1142 408 1199 eorum,
422 1141 496 1206 quae
510 1142 530 1184 a
544 1141 596 1184 me
611 1120 770 1199 dicentur,
785 1121 812 1185 si
826 1120 949 1207 placet,
955 1142 1069 1186 vocare
1082 1131 1211 1207 paratus

180 1245 263 1297 sum.
300 1226 364 1291 Sed
383 1250 423 1292 ne
443 1226 538 1313 hipse
558 1227 689 1314 quidem
708 1228 814 1293 dicere
828 1230 985 1294 recusavit
998 1227 1123 1307 eadem,
1137 1250 1212 1315 quae

179 1359 238 1403 nos
267 1336 417 1415 dicimus,
446 1349 601 1423 praesente
627 1337 747 1415 Mane3
774 1336 910 1404 credidit
939 1337 1024 1402 enim
1053 1336 1210 1402 doctrinae

88 1516 91 1520 ,
178 1455 295 1510 nostrae
310 1442 523 1530 supradictus,
538 1443 622 1509 sicut
634 1456 667 1509 et
682 1444 767 1530 apud
782 1466 835 1509 me
850 1444 931 1510 alius
943 1446 1055 1511 Turbo
1069 1445 1211 1510 nomine.

107 1556 110 1561 ’
177 1560 391 1646 Quacunque
404 1579 485 1645 ergo
498 1559 671 1625 contestati
686 1573 762 1626 sunt
776 1559 870 1640 mihi,
887 1559 944 1625 sed
958 1567 992 1626 et
1005 1583 1044 1626 ea
1058 1583 1133 1648 quae
1153 1581 1212 1625 nos

177 1669 240 1756 ipsi
254 1669 523 1756 deprehendimus
544 1670 577 1736 in
597 1670 661 1737 hoe
683 1671 763 1751 viro,
788 1694 853 1736 non
874 1671 989 1737 faciam
1011 1671 1113 1737 latere
1132 1693 1212 1736 con·

181 1780 347 1844 scientiam
361 1794 509 1845 vestram.
544 1780 637 1844 Tunc
651 1800 725 1844 vero
737 1781 841 1845 turbae
854 1802 894 1845 eo
907 1780 1048 1867 amplius
1061 1779 1213 1859 incitata,

176 1900 384 1973 congregatae
407 1900 482 1953 sunt
505 1887 544 1953 ad
563 1887 757 1954 audiendum
779 1888 976 1955 Archelaum
989 1888 1142 1969 3setenim
1164 1910 1212 1967 ea,

177 2018 252 2083 quae
266 1997 307 2062 ab
322 2017 362 2060 eo
378 1995 579 2075 dicebantur,
594 1996 765 2083 plurimam
788 1999 834 2062 eis
856 1997 1106 2063 oblectationem
1128 2016 1211 2084 prte-

178 2105 307 2170 bebant.
347 2107 480 2192 Propter
494 2105 583 2192 quod
597 2119 631 2170 et
644 2106 788 2171 certatim
806 2105 1058 2171 adhortabantur
1072 2126 1147 2170 eum
1161 2103 1212 2170 di·

177 2235 250 2278 cere
271 2234 471 2300 quaecunque
498 2214 603 2292 vellet,
628 2236 830 2301 quacunque
852 2214 1000 2293 sentiret3
1022 2223 1154 2300 paratos
1176 2233 1211 2278 se

178 2343 248 2386 esse
272 2322 313 2386 ad
337 2320 531 2386 audiendum
559 2332 592 2384 et
618 2343 721 2408 usque
748 2321 789 2386 ad
817 2342 982 2407 vesperum
1012 2341 1210 2408 permanere,

176 2436 275 2501 etiam
290 2435 432 2500 accensis
447 2434 634 2513 luminibus,
651 2435 904 2520 pollicebantur:
929 2454 1065 2522 quornm
1088 2433 1212 2499 auimo-

177 2544 271 2610 sitate
284 2544 434 2609 incitatus
448 2542 626 2607 Archelaus
641 2565 715 2607 cum
729 2545 818 2608 omni
833 2543 949 2608 fiducia
963 2543 1070 2608 dicere
1080 2564 1211 2608 exorsus

176 2664 235 2718 est.
269 2653 340 2718 Viri
361 2652 486 2731 fratres,
510 2652 688 2737 superiores
711 2652 840 2739 quidem
865 2673 977 2717 causas
998 2651 1134 2717 Domini
1148 2650 1211 2715 mei

174 2763 255 2828 lesu
269 2760 414 2839 audistis,
430 2759 503 2824 dico
523 2771 631 2823 autem
654 2781 720 2839 eas,
738 2783 814 2846 ,quas
836 2781 875 2824 ex
896 2758 969 2845 lege
989 2770 1023 2823 et
1045 2757 1211 2844 Prophetis

172 2868 369 2955 judicantur,
382 2867 547 2933 inferiores
559 2889 633 2932 vero
646 2868 781 2933 Domini
795 2868 860 2933 mei
874 2869 895 2933 J
896 2888 953 2932 esu
967 2866 1091 2932 Christi
1105 2866 1212 2931 Salva·

178 2975 257 3040 toris
272 2975 373 3039 nostri
388 2997 451 3038 non
467 2975 633 3060 ignoratis.
667 2976 729 3040 Sed
741 2976 819 3063 quid
831 2977 944 3063 plural
975 2975 1142 3061 Appellati
1156 2996 1211 3039 su·

178 3104 253 3147 mus
266 3103 305 3147 ex
320 3082 492 3147 Salvatoris
507 3082 666 3148 desiderio
681 3083 868 3164 Christiani,
887 3086 969 3150 sicut
983 3083 1146 3149 universus
1161 3105 1212 3148 or·

179 3191 229 3256 bis
250 3203 404 3257 terrarum
424 3191 645 3257 testimonium
667 3193 825 3277 perhibet,
845 3205 942 3279 atque
960 3191 1115 3278 Apostoli
1134 3190 1211 3257 edo·

177 3299 369 3379 cent31sed
394 3313 428 3364 et
456 3299 599 3386 optimus
626 3291 823 3365 architectus
844 3299 924 3388 ejus,
944 3298 1211 3364 ¹f11ndamentum

178 3406 335 3488 nostrum,
350 3408 435 3473 idest
450 3407 614 3488 Ecclesiae,
630 3407 746 3473 Paulus
762 3408 881 3494 posuit,
895 3419 929 3472 et
946 3406 1054 3492 legem
1068 3405 1211 3485 tradidit,

210 3600 222 3639 f
237 3607 315 3665 Forte,
323 3606 467 3668 paucissima.

209 3686 223 3726 ἔ
240 3685 299 3731 Cod.
315 3683 451 3732 Casinensis
469 3681 538 3731 nullo
557 3698 629 3731 sensu
646 3683 729 3741 habet,
745 3681 841 3730 Sicinius
857 3680 947 3745 quidam
958 3695 997 3726 eos
1008 3678 1157 3727 excomirilus
1168 3681 1212 3743 q‘ss

179 3763 291 3810 indicavit
302 3762 365 3821 mili,
377 3781 428 3828 quae
438 3763 506 3809 etiam
519 3761 569 3811 &c-

211 3844 224 3874 l
243 3845 273 3893 Et
284 3844 325 3891 hic
336 3845 520 3892 emendavimus
530 3843 619 3891 codicis
630 3842 767 3891 Casinensis
778 3843 919 3900 lectionem,
931 3843 964 3891 ita
973 3855 999 3890 se
1013 3841 1156 3899 habentem,
1168 3839 1212 3901 ipre

179 3923 266 3990 quidem
276 3941 310 3971 me
319 3924 390 3971 dicere
399 3924 511 3971 recusavit
523 3921 572 3971 &a
771 3984 777 3993 ¹

212 4003 218 4034 ¹
235 4005 319 4053 Codex
329 4005 478 4062 casinensis,
489 4004 537 4052 Sed
545 4013 568 4051 er
576 4002 666 4065 optimos
678 4002 806 4050 architector
822 4002 843 4050 ei
850 4003 1035 4066 summentium,
1052 4000 1124 4062 cujus
1135 3999 1211 4048 mani·

179 4082 265 4136 testam
275 4085 454 4146 corruptionem
466 4085 562 4133 modica
573 4082 708 4132 mutatione
717 4083 870 4131 sustulimus.

606 4184 616 4215 ¹
635 4183 689 4232 Cor.
701 4183 734 4231 iii.
749 4194 786 4233 10.
