2684 4740
160 311 203 393 64
406 309 679 377 CONCILIUM
703 310 963 379 ROMANUM.

156 477 577 594 μη1ὲνκαθόλκχίσμα
605 480 622 576 ri
650 482 852 582 exacuatas
880 485 909 564 ἕν
936 520 994 564 τινι
1019 484 1109 594 τόπῳ
1135 484 1209 580 βά.

156 612 276 712 >efflui
293 651 339 718 με
357 619 449 720 ὑμᾶς
467 623 680 699 καταλιπεῖν.
713 621 730 710 ἡ
748 619 876 710 Sericus
895 621 987 725 ὁμῖις
1001 616 1209 725 τῖμεγαίλε

158 747 233 835 eui
250 748 455 858 διαφυλάξαι
479 758 612 837 oomotc
636 753 734 849 ἔτεα-ι,
756 753 948 859 capraficum.
989 792 1019 851 p.
1033 773 1102 829 325.
1120 772 1207 831 Rom

158 885 263 962 Pontis.
280 887 466 962 Epistularum
486 909 503 945 a
522 889 610 945 Petro
626 891 799 947 Constantio
813 890 930 946 Parisiis
946 906 1023 947 anno
1040 888 1128 952 1721.
1143 888 1206 945 edi·

157 1002 260 1048 tarum.
289 990 379 1048 Extat
393 993 515 1071 epistola
529 994 605 1071 apud
619 993 777 1050 Eusebium
791 993 842 1052 lib.
853 1016 883 1053 x.
896 995 973 1051 Hist.
986 996 1062 1051 Eccl.
1077 1012 1142 1071 cap.
1154 993 1184 1051 5.

158 1152 307 1210 discidium
329 1154 388 1211 ullo
407 1157 436 1210 in
456 1156 522 1213 loco
542 1177 558 1212 a
573 1155 654 1212 vobis
704 1158 743 1212 mi
757 1156 813 1213 Dei
828 1156 923 1213 multis
936 1156 1018 1214 annis
1031 1173 1081 1211 vos
1096 1162 1207 1222 servet,

158 1233 279 1311 relinqui
293 1235 386 1294 velim.
416 1236 560 1294 Divinitas
576 1256 653 1292 sum·
704 1239 857 1294 carissime.

499 1434 860 1486 ...φ-..-

649 1604 712 1666 111.

321 1757 396 1831 DE
413 1756 563 1831 ACTIS
583 1753 759 1828 HUJUS
777 1752 1034 1845 CONCILII,

170 1906 172 1911 '
260 1922 457 1986 Annsoun
477 1922 620 1980 nunus·
634 1922 722 1980 nuc
744 1920 1094 1989 Pnnrmnurmus,
1172 1902 1176 1908 '

157 2064 191 2141 S.
202 2068 342 2157 Optatus
353 2072 403 2134 De
417 2069 590 2136 Schismate
601 2071 917 2150 Donatistarumstib.
928 2071 949 2135 i.
961 2092 1055 2158 capp.
1066 2083 1205 2148 22—27.

481 2202 514 2266 p.
529 2188 662 2245 22—26.
677 2181 729 2244 ed.
743 2181 867 2267 Dupin.

166 2338 171 2345 '
198 2329 381 2394 Nosrnns
405 2328 531 2395 chartas
554 2331 692 2416 probant
714 2342 746 2395 et
768 2330 936 2395 conflictus
959 2350 1144 2410 causarum,
1166 2344 1203 2395 et

155 2439 379 2505 contentiones
402 2440 554 2526 partium,
576 2451 610 2504 et
635 2439 738 2504 exitus
760 2438 971 2526 judiciorum,
995 2454 1029 2504 et
1050 2439 1200 2526 epistolae

157 2549 372 2615 Constantini.
403 2553 491 2615 Nam
508 2549 596 2636 quod
613 2549 653 2614 de
668 2550 760 2614 nobis
775 2549 892 2628 dicitis,
910 2550 988 2635 quid
1005 2549 1199 2614 Christianis

154 2681 229 2738 cum
252 2659 405 2747 regibus?
430 2672 486 2724 aut
505 2659 584 2746 quid
605 2658 764 2745 episcopis
785 2681 859 2723 cum
883 2659 1024 2744 palatio?
1063 2660 1099 2723 Si
1121 2673 1201 2724 nota

155 2783 205 2859 est
219 2792 313 2832 nosse
329 2791 433 2853 reges,
449 2791 503 2832 uos
520 2782 589 2832 tota
603 2767 766 2854 perfundit
781 2767 908 2832 invidia.
952 2770 1041 2833 Nam
1057 2767 1197 2854 majores

153 2877 260 2954 vestri,
280 2877 453 2955 Lucienus,
475 2877 615 2961 Dignus,
635 2876 806 2954 Nasutius,
825 2875 956 2961 Capito,
973 2862 1151 2956 Fidentius,
1164 2890 1197 2942 et

153 2986 262 3052 caeteri
283 2986 510 3071 imperatorem
535 2984 796 3065 Constantinum,
820 2987 934 3051 harum
958 3009 1064 3051 rerum
1089 2987 1196 3052 adhuc

152 3096 314 3182 ignarum,
343 3095 391 3158 his
417 3095 566 3180 precibus
593 3108 824 3181 rogaveruntz'
844 3119 981 3182 quarum
1009 3096 1196 3182 exemplum

152 3204 235 3269 infra
249 3204 481 3290 scriptumest:
500 3205 697 3290 “Rogamus
711 3218 754 3283 te,
769 3204 981 3269 Constantine
993 3205 1118 3290 optimc
1134 3206 1195 3270 im·

155 3320 179 3353 “
191 3325 330 3401 perator,
345 3314 497 3399 quoniam
520 3314 560 3377 de
578 3334 697 3398 genere
714 3313 806 3399 justo
821 3335 866 3393 ee,
884 3313 976 3400 cujus
999 3327 1089 3399 pater
1111 3314 1196 3381 inter

154 3428 325 3487 “caeteros
344 3423 551 3509 imperatores
570 3422 827 3507 persecutionem
849 3445 913 3486 non
934 3424 1087 3502 exercuit,
1103 3437 1140 3488 ct
1152 3423 1199 3489 ab

153 3539 175 3575 “
190 3531 253 3595 hoc
274 3532 415 3595 facinore
435 3532 588 3595 immunis
608 3546 657 3596 est
673 3530 799 3610 Gallia3
829 3554 902 3595 nam
922 3531 956 3594 in
975 3532 1089 3597 Africa
1109 3532 1196 3598 inter

153 3636 176 3682 ‘³
192 3663 249 3705 nos
265 3652 299 3704 et
312 3655 446 3704 caeteros
461 3641 630 3726 episcopos
643 3641 866 3706 contentiones
881 3654 958 3705 sunt
964 3666 974 3721 3
990 3642 1145 3727 petimus,
1157 3656 1195 3708 nt

154 3757 177 3790 “
192 3749 232 3812 de
249 3749 356 3813 Gallia
372 3749 464 3815 nobis
475 3749 601 3837 judices
618 3749 686 3814 dari
700 3749 866 3834 praecipiat
879 3751 981 3834 pietas
998 3765 1064 3815 tua.
1094 3753 1195 3817 Detae

153 3865 210 3922 “a
228 3857 384 3937 Luciano,
400 3859 525 3944 Digno‚
541 3859 693 3937 Nasutio,
711 3857 884 3944 Capitone,
901 3860 1060 3941 Fidentio,
1077 3877 1111 3926 et
1128 3885 1195 3927 cm-

154 3970 268 4036 “teris
283 3969 440 4057 episcopis
454 3970 551 4055 partis
567 3971 724 4035 Donati.''
1063 3955 1065 3960 ⁵

197 4080 326 4168 Quibus
340 4079 444 4158 lectiS,
460 4079 690 4145 Constantinus
705 4078 801 4165 pleno
817 4080 916 4144 livore
930 4081 1107 4167 respondit.
1153 4084 1195 4148 In

12 4220 98 4456 Ὗ
152 4209 216 4274 qua
228 4188 434 4275 responsione
449 4202 609 4254 eteorum
623 4210 734 4275 preces
748 4189 902 4275 prodidit,
917 4190 996 4255 dum
1011 4190 1077 4256 ait:
1097 4197 1122 4232 “
1132 4213 1193 4279 pe-
