2684 4740
354 316 502 387 cxsra
522 318 651 386 anun
674 314 999 383 zxuorurnuxr.
1138 333 1196 402 ιη

151 489 231 555 dixit
239 471 465 556 (Defollibus
476 511 557 577 quos
571 490 696 554 Lucilla
707 489 809 568 dedit,
821 489 960 575 populus
971 485 1195 550 f-minutus-ui·

150 595 192 664 hil
203 594 333 686 accepit
339 598 352 664 i
368 598 487 678 Castus
500 598 597 664 dixit:
613 598 920 685 Nonvidiaccipere
933 592 1106 661 neminem.
1129 594 1200 658 Ze·-

151 695 303 800 nophilus
315 714 359 778 V.
374 708 413 778 c.
428 706 605 778 consularis
621 712 721 777 Casto
736 711 831 776 dixit:
855 711 932 797 Quo
947 728 1027 793 ergo
1042 726 1195 793 pervene-

150 823 246 886 runt?
280 817 400 906 Castus
416 815 515 887 dixlt:
539 823 672 888 Nescio.
708 820 932 887 Nundinarius
947 817 1046 882 dixit:
1070 817 1196 903 Utique

149 932 193 995 rel
209 931 331 996 audisti
346 933 394 996 vel
408 933 514 998 vidisti
530 933 556 997 si
570 933 694 997 dictum
711 943 760 996 est
775 929 985 1018 pauperibus:
1006 929 1074 991 Dat
1087 941 1120 991 et
1135 948 1195 992 vo·

148 1039 195 1103 bis
216 1039 260 1105 de
282 1062 317 1104 re
338 1034 396 1105 sua
416 1034 565 1108 Lucilla?
593 1041 712 1107 Castus
734 1040 835 1106 dixit:
863 1042 941 1104 Non
965 1037 1029 1103 vidi
1051 1037 1193 1124 aliquem

146 1142 303 1234 accipere.
340 1143 538 1236 Zenophilus
557 1151 600 1214 V.
617 1151 657 1216 C.
681 1150 859 1215 consularis
884 1149 984 1225 dixit:
1015 1146 1198 1212 Manifesta-

145 1250 193 1321 sst
211 1248 304 1321 cristi
322 1253 483 1323 confessio
503 1256 592 1346 qu'od
607 1259 708 1324 ‘folles
728 1283 810 1348 quos
831 1256 957 1325 Lucilla
977 1257 1118 1337 donavit,
1133 1277 1195 1342 po-

146 1359 358 1452 pulo'divisos
379 1362 449 1432 esse
467 1369 623 1448 nesciret:
645 1384 679 1434 et
698 1369 771 1433 ideo
793 1382 990 1433 amoveatur.
1025 1369 1069 1430 Et
1088 1365 1194 1452 appli-

147 1473 212 1539 cito
229 1473 461 1540 crescentiano
483 1471 695 1557 subdiacon0,
714 1477 916 1563 Zenophilus
930 1478 974 1542 V.
988 1475 1027 1540 C.
1043 1474 1195 1540 consula·

146 1581 308 1647 ris'dixit:
330 1583 415 1671 Quis
430 1586 574 1649 vocaris?
605 1585 805 1671 Respondit:
831 1585 1089 1650 crescentianus.
1118 1585 1197 1647 Ze·

146 1695 298 1780 nophilus
313 1696 356 1759 V.
368 1696 409 1760 C.
424 1696 602 1784 consularis
623 1696 853 1761 crescentiano
874 1695 977 1760 dixit:
999 1693 1199 1780 Simpliciter-

145 1803 230 1869 sicut
245 1817 279 1869 et
289 1800 402 1886 ceteri,
419 1802 571 1870 confitere
585 1819 695 1871 utrum
711 1807 792 1870 scias
807 1805 996 1870 traditorem
1017 1803 1193 1868 Silvanum.

147 1908 397 1985 crescentianus
410 1912 511 1978 dixit:
535 1913 658 1978 Priores
675 1915 731 2000 qui
746 1912 878 1979 fuerunt
894 1913 1013 1992 clerici,
1030 1913 1092 1999 ipsi
1107 1924 1196 1977 retu-

145 2021 261 2087 lerunt-
269 2023 410 2109 singula.
442 2023 641 2110 Zenophilus
655 2022 698 2090 V.
713 2025 754 2089 C.
770 2023 947 2089 consularis
964 2023 1195 2088 crescentiano

145 2130 249 2197 dixit:
263 2131 364 2220 Quid
379 2134 580 2198 retulerunt-l
610 2132 859 2200 crescentianus
875 2133 977 2201 dixit:
1001 2134 1197 2199 Referebant
1253 2182 1257 2185 -

146 2241 235 2327 quod
260 2236 533 2308 tradit'or'esset.
557 2244 757 2328 Zenophilus
776 2246 820 2310 V.
836 2244 875 2309 C.
899 2245 1075 2310 consularis
1099 2243 1197 2309 cres·

143 2342 301 2415 acutiano
319 2344 420 2416 dixit':
442 2353 608 2417 'Dixerunt
630 2351 721 2417 illum
743 2353 953 2418 traditorem?
991 2355 1034 2416 Et
1054 2351 1198 2439 adjecit:

145 2459 216 2527 Qui
229 2456 405 2542 dicebant?
432 2455 680 2526 Ciescentianus
695 2462 794 2528 dixit:
818 2461 886 2549 Qui
900 2480 975 2525 curn
991 2454 1048 2525 illo
1064 2480 1199 2525 conver·

144 2560 310 2653 sabantur‘,
326 2551 359 2634 iri
386 2564 492 2658 plebe,
519 2564 781 2658 dixerunt‘quod
805 2562 978 2657 aliquando
1001 2565 1198 2634 tradidisset:

146 2670 464 2766 ZencplsrlusViQ
480 2672 657 2751 consularis
680 2679 911 2744 crescentiano
931 2678 1032 2743 dixit:
1056 2678 1108 2742 De
1129 2672 1198 2742 Sll-·

144 2804 227 2852 vano
240 2779 418 2855 dicebant?
443 2791 691 2856 crescentianus
708 2789 807 2854 dixit:
832 2789 966 2876 Utique.
993 2786 1195 2874 Zenophilus

144 2896 187 2962 V.
203 2890 255 2962 c.
268 2899 445 2967 consularis
467 2899 698 2966 crescentiano
720 2899 819 2965 dixit:
844 2898 931 2964 cunr
952 2899 1056 2965 iactus
1080 2896 1197 2963 fuisset

145 3006 332 3094 episcopus,
346 3001 473 3096 praesto
496 3004 608 3075 fuisti?
649 3009 896 3074 crescentianus
918 3008 1018 3073 dixit:
1051 3010 1196 3073 Praesens

145 3135 224 3179 cum
249 3102 376 3203 pcpulo
399 3119 459 3198 fut,
473 3116 623 3184 'inclusus
645 3118 679 3182 in
702 3138 777 3183 casa
801 3117 934 3206 majore.
971 3117 1195 3199 Nundinarius

144 3221 304 3289 diaconus
331 3222 430 3291 dixit:
465 3226 663 3313 campenses
689 3241 723 3292 et
748 3227 905 3292 harenarii
932 3228 1078 3292 fecerunt
1101 3225 1197 3292 illum

144 3331 348 3420 episcopum.
400 3330 600 3422 Zenophilus
625 3337 670 3402 V.
693 3336 732 3400 C.
758 3335 934 3400 consularis
964 3333 1195 3401 crescentiano

144 3443 226 3510 dixit
240 3472 248 3511 :
272 3438 390 3514 Mutus
404 3439 588 3515 harenarius
602 3463 689 3515 certe
703 3471 779 3514 eum
796 3447 947 3512 sustulit?
977 3444 1069 3510 Dixit
1083 3471 1091 3510 :
1117 3446 1194 3511 Mass

146 3552 274 3620 nifeste.
303 3545 519 3646 'Zenophilus'
529 3548 574 3624 V.
588 3560 629 3624 C.
644 3559 820 3624 consularis
837 3557 1066 3621 Crescentiano
1088 3556 1194 3620 dixit:

147 3656 260 3748 cupas
275 3654 316 3729 de
331 3658 409 3731 fano
431 3667 557 3755 Serapis
579 3668 640 3732 scis
661 3688 731 3732 esse
751 3664 913 3732 sublatas?
946 3660 1193 3730 crescentianus

142 3771 246 3838 dixit:
267 3775 377 3840 Plures
393 3777 544 3842 dicebant
557 3777 647 3864 quod
663 3776 838 3863 Purpurius
853 3775 1024 3862 episcopus
1039 3775 1108 3863 ipse
1124 3797 1194 3840 sus-

142 3882 259 3948 tulerit
272 3904 389 3971 cupas:
412 3898 446 3951 et
464 3897 606 3964 acetum,
621 3884 709 3972 quod
732 3883 773 3949 ad
795 3904 903 3948 senem
923 3898 1070 3950 nostrum
1090 3885 1191 3951 Silva÷

142 4011 226 4055 num
240 3986 448 4078 pervenisset,
463 4006 497 4058 et
511 3994 568 4058 filii
580 3992 720 4057 AElionis
736 3991 904 4057 dicebant.
935 3991 1134 4077 Zenophilus
1148 3992 1191 4059 V.

141 4100 185 4168 C.
203 4102 380 4169 consularis
397 4103 630 4170 crescentiano
643 4099 742 4166 dixit:
764 4101 854 4191 Quid
868 4102 1007 4169 audisti?
1033 4096 1191 4167 crescen-

565 4236 631 4304 fsor.
643 4239 780 4289 minutum.

190 4338 276 4387 Vol..
295 4339 349 4388 1v.
655 4338 669 4387 t
