2684 4740
208 327 272 379 220
308 306 547 376 ARCHELAI
567 308 622 375 ET
643 308 851 379 MANETIS
871 310 1158 381 DISPUTATIO.

208 479 242 545 in
254 500 302 543 me
314 477 451 566 loquitur
468 477 634 543 Christus?
648 479 809 546 ethorum
824 480 951 561 similia,
962 481 1004 548 do
1016 483 1136 568 quibus
1146 504 1239 570 supe·

207 588 274 655 rius
289 588 449 667 diximus3
472 589 558 654 unde
570 602 604 653 et
616 601 769 677 tanquam
784 590 930 656 fidelibus
944 590 1037 657 nobis
1058 591 1240 659 haeredibus

207 698 273 764 suis
292 697 461 784 consignat
485 694 713 764 testamentum
737 721 796 764 sua
816 698 856 763 sd
883 698 1068 764 Corinthios
1088 700 1238 786 epistola,

205 805 293 872 velut
306 821 407 893 pater,
423 805 543 885 dicens,
558 806 713 872 ⁶Tradidi
727 807 905 873 enimvobis
923 809 1095 893 inprimis,
1111 810 1237 898 quodct

205 916 318 1001 accepi,
333 915 408 1002 quia
425 914 566 981 Christus
580 929 719 982 mortuas
733 929 778 983 est
789 934 846 1003 pra
857 917 1115 1002 peccatisnostris
1129 930 1237 984 secan·

205 1024 279 1089 dum
295 1025 483 1110 Scripturas,
499 1036 530 1089 ct
544 1026 619 1112 quio
632 1025 770 1111 sepultus
784 1036 841 1105 est,
855 1036 887 1090 et
898 1024 974 1113 quio
988 1026 1159 1091 resumsit
1176 1037 1237 1093 ter·

205 1133 252 1199 tiu
269 1132 319 1198 die
333 1133 497 1197 secundum
513 1132 703 1218 Scripturas,
722 1144 753 1198 et
772 1135 848 1221 quia
867 1133 1014 1219 apparuit
1036 1134 1163 1220 cepta,
1185 1137 1237 1202 dc·

206 1241 279 1306 inde
299 1240 446 1310 undecim,
459 1240 629 1325 Apostolis,
656 1252 764 1327 pastea
789 1241 923 1326 amplius
944 1263 1039 1329 quam
1060 1243 1238 1333 quingentis

192 1350 356 1439 fratribus
370 1364 387 1396 ¹¹
396 1350 433 1414 de
446 1350 551 1430 semel,
566 1374 605 1415 en
619 1350 730 1438 quibus
739 1350 873 1436 plurimi
887 1349 987 1416 adluc
998 1361 1127 1416 manunt
1143 1374 1237 1440 usque

203 1482 285 1526 nunc
293 1486 306 1540 ,·
328 1459 456 1547 quidam
470 1469 586 1539 autem,
605 1471 635 1524 et
650 1459 852 1525 dormierunt.
897 1462 1009 1525 Postea
1028 1469 1136 1525 autem
1155 1459 1238 1525 uisus

203 1580 249 1634 cst
273 1568 384 1634 Jacala
395 1595 408 1647 ‚-
436 1567 545 1632 deinde
576 1567 713 1632 amnibus
738 1567 922 1654 Apostatis3
945 1567 1108 1633 nouissime
1135 1578 1237 1635 nunu

202 1678 350 1756 amisium,
373 1688 523 1763 tanquam
545 1675 694 1756 abortiva,
716 1676 799 1741 uisus
820 1687 918 1741 estet
940 1675 1042 1741 milit
1062 1677 1135 1764 Ego
1156 1676 1237 1743 enim

201 1806 269 1850 sum
285 1784 466 1850 novissimus
480 1783 615 1848 omnium
630 1783 861 1868 Apostolorum.
897 1783 992 1848 ⁷Sivc
1003 1804 1076 1871 ergo
1090 1805 1163 1871 ego,
1173 1782 1238 1859 ,stne

200 1888 264 1970 illi,
274 1890 321 1954 ita
329 1890 593 1956 annuntiavimus.
622 1893 665 1956 Et
680 1915 805 1958 rursum
818 1891 946 1958 tradens
958 1889 1141 1956 haersdibus
1153 1912 1235 1971 sam,

200 2019 298 2085 quam
313 1999 381 2084 ipse
395 1996 614 2064 haereditatem
629 2002 818 2087 promeruit,
834 2000 924 2080 dicit,
937 1999 1062 2065 ⁸Timeo
1074 2010 1184 2065 amem
1196 2022 1234 2065 nc
1272 1994 1279 1998 ”

189 2105 294 2193 forte,
308 2105 387 2169 sicut
402 2121 523 2192 serpens
543 2109 666 2174 seduxit
679 2110 784 2173 Evam
798 2108 916 2173 astutia
931 2130 998 2187 ma,
1012 2106 1060 2171 ita
1072 2119 1234 2172 ⁰canum·

196 2223 316 2301 poutur
330 2235 434 2279 sensus
449 2216 554 2294 uestri,
568 2227 599 2280 et
613 2217 757 2281 encidont
772 2240 793 2283 a
807 2216 1018 2301 simplicitate,
1032 2224 1064 2280 ct
1077 2216 1234 2296 audate,

111 2320 119 2326 ’
201 2323 320 2414 quoein
336 2323 457 2389 Christo
471 2335 528 2389 est.
574 2323 610 2388 Si
629 2324 711 2388 enim
725 2325 764 2404 is,
779 2325 833 2411 qui
847 2324 943 2403 uenit,
960 2323 1060 2389 alium
1074 2323 1233 2389 Christum

193 2433 361 2520 proedicat‚
386 2456 477 2520 quem
501 2456 561 2496 nan
586 2434 849 2517 prcedicavimus3
871 2443 926 2496 aut
952 2433 1105 2518 Spiritum
1129 2432 1231 2497 alium

199 2541 389 2629 acceperitis,
415 2564 506 2628 quem
531 2564 591 2606 non
614 2541 773 2627 accepistis
783 2568 797 2621 ,-
818 2552 873 2605 aut
899 2540 988 2605 alind
1007 2539 1231 2628 Evangelium,

196 2653 279 2741 quod
307 2675 367 2717 nan
396 2651 578 2736 accepistis3
600 2650 673 2715 lene
693 2649 893 2734 pateremini.
935 2651 1019 2712 Puto
1045 2648 1130 2714 enim
1156 2649 1231 2738 quia

197 2761 281 2828 niltil
294 2762 397 2826 minus
399 2762 473 2848 saci
485 2761 569 2825 volis
582 2785 601 2825 a
616 2761 739 2826 caeteris
752 2758 922 2844 Apostolis.

236 2872 378 2935 XXXV.
401 2872 484 2934 Haec
505 2884 614 2935 autem
636 2871 730 2949 dixit,
749 2869 920 2934 ostendens
942 2891 1057 2933 omnes
1076 2869 1230 2956 reliquos,

195 2980 252 3068 qui
266 2980 419 3057 venerint,
434 2979 531 3043 falsos
545 2980 735 3064 Apostolos,
756 2978 888 3042 dolosos
910 2977 1083 3064 operarios,
1105 2979 1232 3043 naust-

193 3101 345 3178 gursntes
369 3109 403 3152 ss
428 3087 461 3151 in
484 3087 662 3173 Apostolos
686 3087 820 3166 Christi,
840 3088 908 3150 ’Et
930 3109 990 3150 nan
1007 3086 1148 3165 mirum,-
1168 3086 1233 3171 ipse

193 3198 275 3263 eninr
288 3197 424 3263 Satonas
440 3195 645 3282 transfigurat
660 3219 704 3276 se,
718 3194 827 3260 Pvelut
838 3195 997 3282 Angelum
1011 3194 1101 3259 lucis.
1145 3194 1232 3280 Quid

194 3328 266 3395 erga
279 3328 440 3393 magicum,
454 3305 482 3368 si
499 3315 529 3367 et
550 3304 687 3368 ministri
706 3304 774 3388 ejus
794 3296 1056 3390 transfigurentur
1076 3302 1112 3366 in
1133 3302 1229 3368 mini·

195 3427 275 3480 strar
287 3414 448 3498 justitioe:
472 3433 602 3499 quonum
611 3411 695 3497 finis
716 3410 777 3474 erit
797 3410 962 3474 sumendum
983 3424 1076 3493 opera
1095 3413 1232 3490 canem?

195 3525 323 3591 lndicst
340 3538 449 3589 antem
465 3523 575 3609 qualos
590 3537 709 3602 essent,
723 3536 757 3588 et
771 3524 922 3609 aquibus
935 3522 1232 3599 circumvenieban-¹

224 3724 236 3751 ¹¹
255 3722 333 3775 Forte,
346 3719 369 3764 in
380 3717 453 3764 siml.
480 3718 594 3780 Vulgum,
605 3718 679 3765 siml.

223 3813 235 3836 0
251 3801 281 3848 ln
292 3801 426 3849 casinensi.
442 3809 609 3860 ,mpura
624 3815 696 3846 sensns
711 3798 785 3844 vestri
794 3815 810 3843 a
819 3797 971 3859 sirpdcitete.
1003 3797 1052 3844 Soti
1063 3811 1111 3845 nos
1126 3811 1160 3846 ex
1169 3798 1233 3848 Vul-

192 3896 248 3949 gut
257 3880 434 3943 supplevimus.

222 3969 236 4007 t
253 3963 290 4011 ln
300 3972 323 4008 ct
335 3960 469 4022 Qprisnus
480 3960 546 4006 htud
557 3960 642 4021 procul
653 3959 685 4006 sb
695 3959 767 4006 initio
776 3958 831 4006 nnn
841 3960 873 4006 dc
883 3959 985 4006 Unitate
995 3957 1123 4015 lioclesiae,
1133 3972 1164 4006 sc
1173 3961 1195 4008 si
1208 3961 1232 4008 in

190 4058 271 4109 grato
285 4052 354 4091 textu
369 4050 432 4087 em
441 4039 478 4090 ἃς.
511 4040 558 4087 Sed
569 4039 683 4100 i'ulgm,
692 4050 718 4087 et
726 4039 892 4087 Tertullinus
902 4039 1013 4100 pluribus
1023 4038 1050 4085 in
1060 4037 1124 4087 locis
1134 4038 1232 4102 legunt,

191 4123 340 4189 thimiun
350 4122 413 4169 bris.
917 4122 925 4135 ⁹

229 4228 474 4280 ‘morans-o
526 4227 662 4277 ubiuis.
709 4221 945 4278 *κωκυ-ε.
991 4227 1191 4286 uticum.
