2684 4740
208 333 274 404 254
305 314 546 385 ARCHELAI
566 314 624 386 ET
643 317 849 386 MANETIS
868 313 1159 389 Dtsrmtmo,

209 487 315 552 domur
329 487 438 554 Israel.
481 491 564 553 Sunt
579 501 612 552 et
624 489 686 554 alia
698 488 865 556 innumera
886 489 1071 556 testimonia
1088 489 1246 578 hujusce·

206 597 309 677 modi,
333 622 405 686 quae
434 599 576 664 indicant
603 620 677 663 eum
704 598 836 677 venisse,
864 612 899 664 et
926 620 992 664 non
1019 611 1131 664 natum
1158 616 1245 663 esset

207 706 308 794 Quod
334 706 360 771 si
385 708 549 794 potentior
577 706 634 771 illo
661 728 708 786 es,
735 701 896 793 et'magis
919 706 1000 772 scire
1023 719 1137 794 potes,
1151 705 1245 794 quod

208 837 316 880 rerum
340 830 400 894 est,
426 815 593 902 quomodo
610 815 680 902 jam
709 815 754 879 illi
777 814 961 879 credimus?
992 813 1246 882 'Attonitum
1319 825 1321 828 ’

209 944 338 1014 nrxrr,
359 930 476 1014 Neque
497 929 554 992 illo
576 927 738 1014 petentior
759 950 843 1008 sum,
864 929 1078 992 servus-enim
1101 923 1262 1007 sum‚'et'

207 1051 312 1117 neque
327 1033 459 1119 aequalis
473 1035 608 1099 Domini
629 1035 694 1099 mei
713 1056 781 1100 esse
801 1054 934 1122 possum
944 1059 956 1114 3
976 1032 1040 1120 ege
1061 1034 1145 1098 enirn
1159 1054 1244 1099 cum

176 1180 180 1186 -
205 1138 327 1203 inutilis
342 1162 460 1221 servus,
474 1144 645 1207 verborum
660 1144 729 1230 ejus
744 1143 934 1230 discipulus,
944 1142 1077 1208 credens
1091 1142 1153 1221 his,
1167 1158 1244 1232 quat

205 1249 247 1312 ab
269 1249 340 1334 ipso
362 1249 555 1330 dictasunt,
578 1266 611 1316 et
634 1252 704 1315 haec
728 1252 963 1318 indeclinabilia
982 1270 1052 1317 esse
1073 1246 1244 1318 confirm

204 1357 346 1422 Munus
378 1380 506 1438 urxrr,
531 1360 652 1424 Similis
675 1361 723 1425 tui
751 1361 883 1447 quidam
913 1383 987 1426 cum
1013 1362 1044 1425 ei
1068 1360 1245 1449 aliquunde

204 1465 347 1543 dixisset,
366 1465 495 1530 ⁵Maria
516 1478 617 1532 muter
637 1480 703 1548 tua,
723 1480 753 1533 et
761 1469 888 1556 fratres
903 1469 950 1534 tui
958 1468 1046 1556 foris
1060 1479 1158 1548 stant,
1177 1490 1246 1533 non

202 1578 341 1642 libenter
369 1579 539 1663 accipiens,
567 1600 642 1643 eum
672 1579 728 1665 qui
757 1578 890 1658 dixerat,
919 1578 1092 1664 increpavit
1119 1579 1244 1657 dicensi

207 1671 289 1773 Quae
303 1698 348 1751 est
363 1697 464 1750 muter
478 1709 558 1765 mea,
573 1698 627 1750 uret
642 1687 783 1774 quisunt
792 1688 920 1773 fratres
940 1688 1001 1752 mei
1011 1691 1031 1750 ἕ
1042 1690 1085 1752 'et
1099 1687 1244 1752 Ostendit

202 1818 271 1876 cos,
286 1797 341 1882 qui
359 1797 498 1861 facerent
512 1796 827 1875 voluntatem'suam,
843 1809 877 1860 et
891 1809 1009 1862 matres
1024 1798 1188 1876 sibiesse,
1209 1809 1244 1861 ct

201 1903 335 1968 fratres:
358 1904 406 1966 sin
422 1915 530 1967 autem
546 1904 591 1967 vis
606 1903 711 1968 dicere
726 1915 860 1967 matrem
877 1902 979 1988 ipsius
996 1903 1151 1982 Mariam,
1176 1925 1242 1968 uon

202 1993 253 2076 est
272 2010 332 2075 tibi
351 2011 419 2074 sine
441 2012 604 2096 periculo;
627 2011 695 2075 sine
717 2011 818 2076 dubio
839 2011 925 2075 enirn
940 2011 1045 2076 *etiam
1068 2012 1184 2076 fratres
1201 2033 1242 2075 ex

201 2140 238 2184 es
252 2117 403 2183 habuisse
418 2130 625 2183 monstratur.
669 2121 713 2184 Et
732 2119 785 2184 dic
806 2127 916 2184 utrum
937 2118 978 2183 de
996 2119 1120 2205 Joseph
1138 2141 1241 2206 gene·

200 2228 260 2293 rati
276 2239 364 2307 sunt,
378 2242 435 2293 aut
447 2249 487 2291 ex
500 2227 617 2291 eodem
637 2227 758 2313 Spiritu
778 2229 918 2293 Sancto?
956 2230 1046 2314 Ergo
1064 2241 1100 2305 et
1119 2220 1260 2295 multfl'

203 2337 362 2417 Christos,
384 2339 411 2402 si
429 2361 468 2403 ex
488 2337 602 2402 eodem
622 2337 744 2423 Spiritu
764 2339 884 2402 Sancto
901 2351 1074 2422 generatos
1087 2337 1240 2415 ‘dixeris

199 2434 382 2513 habuimus.
425 2447 525 2534 Quod
548 2449 576 2511 si
598 2468 661 2511 non
684 2468 723 2510 ex
749 2445 863 2509 eodem
886 2445 1020 2531 Spiritu,
1045 2444 1102 2508 sed
1129 2457 1239 2508 tamen

199 2556 315 2622 dixeris
343 2540 416 2621 eum
445 2558 556 2621 fratres
583 2556 750 2633 habuisse3
775 2555 842 2618 sine
866 2554 967 2618 dubio
990 2553 1238 2640 intelligendum

197 2646 262 2745 est,
281 2667 357 2754 quia
383 2679 456 2751 post
483 2665 649 2750 Spiritum,
675 2674 750 2749 po‘st
777 2664 920 2742 Gabriel,
947 2663 1089 2750 nupserit
1113 2662 1237 2748 Joseph

197 2776 302 2861 Virgo
314 2776 502 2853 castissima,
514 2771 547 2839 et
559 2773 766 2838 immaculata
777 2773 794 2818 b
804 2773 956 2836 Ecclesia.
987 2771 1086 2859 Quod
1099 2772 1126 2835 si
1137 2772 1237 2835 etiam

197 2883 260 2947 hoc
281 2880 455 2946 absurdum
480 2896 530 2945 est
552 2882 697 2960 omnino,
723 2902 794 2944 eam
821 2880 966 2967 quolibet
992 2880 1092 2943 modo
1113 2900 1236 2944 concu-

196 2990 305 3056 buisse
324 3012 398 3054 cum
413 2989 535 3074 Joseph
546 3013 556 3067 ;
580 2989 631 3052 dic
652 3011 693 3052 an
714 2989 826 3054 fratres
847 2989 1017 3054 habuerit?
1056 2987 1236 3075 Nunquld·

197 3119 270 3163 nam
287 3098 384 3161 etiam
406 3097 555 3161 moeehiae
574 3096 604 3160 ei
618 3097 739 3160 crimen
754 3095 917 3182 impingis,
932 3107 975 3158 c0
988 3094 1238 3182 prudentissime

193 3203 371 3269 Marcelle?
404 3204 507 3291 Quod.
524 3205 552 3267 si
569 3205 685 3268 horum
707 3204 787 3267 nihil
809 3204 955 3268 convenit
975 3201 1237 3265 incontaminate

196 3311 342 3398 Virgini3
362 3312 447 3376 unde
469 3310 499 3374 ei
519 3312 616 3375 fuisse
638 3311 751 3374 fratres
772 3302 916 3374 astrues?
954 3309 1101 3396 Quodsi
1121 3308 1236 3372 fratrea

194 3419 224 3483 ei
245 3421 343 3485 fuisse
366 3443 431 3485 nou
453 3432 546 3506 potes
569 3405 722 3497 edocere3
745 3419 911 3504 quomodo
926 3417 1035 3480 Maria
1049 3429 1151 3480 mater
1165 3418 1236 3504 ejus

193 3527 266 3608 crit,
283 3529 367 3594 sicut
380 3529 426 3593 ait
440 3528 507 3606 ille,
521 3527 578 3612 qui
593 3526 731 3591 scribere
745 3548 841 3590 ausus
860 3539 921 3605 est,
942 3524 1025 3589 Ecce
1042 3533 1145 3587 muter
1165 3536 1235 3603 tua,

224 3748 236 3773 ⁸
253 3739 283 3786 ln
295 3738 430 3796 Catinensi,
441 3737 540 3785 dixerint
550 3736 672 3783 habuimus.
691 3734 760 3784 Quid.
792 3736 839 3782 Sed
854 3735 926 3782 obvia
941 3744 977 3783 est
993 3732 1069 3793 hujus
1086 3731 1134 3779 loci
1148 3745 1235 3779 emen·

179 3816 265 3866 'datie

223 3896 235 3929 ⁶
257 3900 320 3955 vox,
343 3895 455 3954 Ecclesia,
474 3897 569 3944 videtur
589 3907 776 3957 supervacanea,
796 3904 821 3941 et
841 3909 882 3957 per
903 3893 992 3942 librarii
1010 3906 1115 3942 errorem
1131 3892 1234 3952 adjecta.

192 3981 261 4029 Certe
272 3983 325 4028 sine
337 3981 388 4040 ipsa
399 3978 490 4039 integer
500 3983 536 4024 est
546 3976 622 4036 hujus
632 3975 680 4022 loci
691 3990 786 4022 sensus.
1185 4024 1188 4029 ,

225 4067 235 4094 ‘
251 4063 288 4109 Ex
300 4060 338 4109 his
349 4058 427 4106 verbis
440 4057 520 4119 colligi
532 4071 601 4118 posse
611 4057 715 4115 videtur,
728 4056 876 4104 Marcellum
886 4070 946 4105 cunr
958 4055 1080 4104 Archelao
1090 4054 1122 4102 ad
1133 4053 1233 4119 Dicdori

192 4141 320 4189 castellum
332 4138 435 4186 venisse.

613 4215 623 4249 ⁵
640 4212 702 4260 Mat.
714 4212 756 4258 xii.
768 4219 808 4266 47.
