2684 4740
264 384 268 389 .
379 293 613 362 APOLOGIA
636 293 721 360 PRO
742 293 958 361 ORlGENE.
1122 311 1186 382 333
1264 242 1267 249 Ι

150 463 313 545 dubitant,
331 478 365 532 et
384 465 426 531 de
444 465 536 533 initio
556 465 629 554 ejus
647 465 696 530 vel
718 463 843 550 origine
864 464 986 530 diversa
1007 463 1189 551 opinantur,

151 597 217 641 non
231 588 281 641 est
295 587 420 641 rectum
435 574 603 641 hereticos
618 573 837 662 pronuntiare,
849 573 987 638 maxime
1001 595 1075 637 cum
1091 572 1124 637 in
1138 595 1208 655 re„

149 683 248 770 liquis
269 683 501 750 Ecclesiasticae
523 683 678 749 doctrinae
700 682 819 769 regulis
840 681 928 769 quod
947 696 1069 747 rectum
1091 693 1190 747 estet

148 797 349 879 catholicum
364 809 505 863 teneant.

193 908 378 974 Novissima
391 906 570 973 criminatio
581 919 630 971 est
641 902 925 990 μετενσωματώσεως,
937 902 999 966 hoc
1013 917 1074 982 est,
1087 915 1189 968 trans·

150 1018 340 1085 mutationis
364 1019 552 1085 animarum.
596 1017 651 1083 Ad
673 1015 773 1104 quod,
800 1014 884 1081 sicut
909 1014 940 1077 in
964 1013 1087 1077 caeteris
1108 1012 1190 1078 feci·

151 1149 237 1206 mua,
263 1127 364 1214 ipsius
391 1127 447 1215 qui
471 1143 640 1194 accusatur
664 1126 927 1214 respondebimus
954 1125 1077 1191 verbis:
1107 1124 1188 1191 illud

150 1237 257 1324 primo
276 1236 512 1324 pernecessario
532 1254 784 1318 commonentes,
800 1237 876 1324 quia
896 1249 1097 1302 accusatores
1116 1236 1187 1322 ejus

150 1369 218 1412 non
232 1346 448 1435 intelligentes
464 1348 600 1436 qualiter
619 1349 660 1413 ab
684 1370 724 1414 eu
743 1348 784 1414 de
803 1348 864 1412 ista
879 1347 1057 1434 quastione
1070 1359 1188 1412 tracta·

150 1468 223 1522 tum
237 1457 290 1538 sit,
305 1456 351 1523 vel
367 1457 456 1546 quod
471 1458 553 1524 ratio
567 1458 792 1545 disputationis
808 1458 854 1523 ita
874 1481 908 1523 se
928 1457 1109 1539 habeat,·ut
1123 1479 1187 1522 non

150 1575 277 1654 semper
298 1568 367 1634 sola
388 1568 475 1634 velut
496 1591 536 1633 ex
556 1564 692 1655 persona
712 1568 910 1655 pronuntiari
931 1567 1094 1632 videantur
1112 1590 1185 1654 quae

149 1676 313 1759 dicuntur,
330 1677 386 1742 sed
400 1678 560 1743 interdum
579 1679 675 1744 etiam
697 1700 735 1742 ea
756 1701 828 1765 quae
841 1700 860 1741 e
874 1677 1034 1742 contrario
1048 1676 1112 1742 dici
1126 1698 1186 1763 po·

149 1799 268 1867 terunt,
289 1787 510 1874 disputentur:
538 1802 570 1853 et
595 1789 677 1853 hanc
698 1811 768 1853 esse
793 1802 893 1853 artem
916 1786 1098 1873 disputandi
1120 1809 1188 1853 non

149 1896 360 1979 advertentes,
374 1897 531 1986 objiciunt
546 1899 575 1962 ei
590 1899 629 1964 de
645 1899 707 1963 hoc
722 1897 889 1984 dogmate,
906 1896 992 1984 quod
1009 1897 1098 1984 quasi
1116 1898 1192 1984 ipse·

149 2006 285 2071 senserit
302 2028 340 2071 ea
360 2029 432 2094 quae
453 2029 492 2071 ex
511 2007 702 2072 adversantis
721 2027 857 2092 persona
875 2005 1036 2070 disseruit.
1080 2007 1185 2072 Deni-

149 2136 214 2203 que
228 2115 316 2203 quod
330 2115 521 2183 discutiendi
535 2117 605 2183 lraec
621 2132 654 2183 et
668 2140 732 2183 non
747 2115 956 2227 confirmqndi
975 2116 1090 2181 dixerit
1107 2139 1186 2182 cau·
1208 2177 1210 2182 .

151 2244 198 2303 sa,
212 2223 280 2310 ipse
293 2245 351 2310 per
366 2247 405 2291 ea
423 2250 496 2314 quae
516 2240 590 2314 post
609 2239 781 2292 tractatum
801 2226 847 2291 rei
868 2226 966 2313 ipsius
986 2225 1115 2312 adjecit,
1129 2248 1185 2293 os·

147 2333 252 2399 tendit
266 2335 330 2400 boc
345 2336 444 2401 modo
458 2336 576 2401 dicens.

194 2443 409 2511 Oarunuss.
442 2445 529 2529 (Lib.
544 2447 572 2508 Ι.
590 2446 658 2532 περὶ
678 2449 775 2531 ἀρχῶν
792 2464 863 2530 cap.
878 2458 908 2508 a.
925 2443 957 2507 in
973 2443 1059 2528 fine.)
1085 2443 1187 2510 “Sed

148 2558 173 2592 “
187 2551 268 2631 haec,
283 2568 440 2640 quantum
462 2553 504 2617 ad
525 2575 583 2618 nos
596 2553 745 2640 pertinet,
761 2575 824 2618 non
845 2552 909 2617 sint
929 2552 1102 2639 dogmata3
1126 2553 1184 2620 sed

146 2660 391 2728 “discussionis
405 2662 510 2748 gratia
524 2662 610 2727 dicta
625 2663 699 2742 sint,
715 2677 748 2726 et
762 2661 963 2749 abjiciantur.
996 2666 1055 2727 Pro
1072 2686 1110 2728 eo
1126 2687 1184 2729 au·

103 2802 107 2813 ‚
146 2776 171 2810 “
185 2785 251 2853 tem
266 2769 338 2835 solo
352 2769 438 2834 dicta
452 2781 538 2849 sunt,
554 2791 594 2834 nc
609 2769 752 2834 videatur
764 2771 901 2856 quaestio
918 2783 1019 2850 mota,
1034 2794 1099 2836 non
1114 2794 1184 2838 esse

146 2885 172 2919 “
186 2877 362 2944 discussa.'’

175 2991 433 3055 l’aurmcus.
469 2989 532 3054 Sed
557 2988 628 3052 baec
654 2986 685 3052 in
711 3009 751 3052 eo
775 2985 850 3052 Ioco
876 2987 967 3070 dixit,
994 2989 1027 3054 in
1053 2992 1182 3078 quode

144 3098 313 3165 animabus
334 3098 519 3163 animalium
542 3096 734 3184 requirebat,
761 3120 825 3162 non
850 3097 891 3162 de
916 3101 1182 3167 transmutatione

146 3209 337 3275 animarum.
369 3209 423 3274 De
438 3208 614 3272 animarum
630 3230 705 3273 vero
721 3210 982 3274 transmutatione
996 3210 1029 3273 in
1044 3213 1184 3297 septimo

145 3314 229 3382 libro
244 3315 276 3380 in
290 3316 500 3403 Evangelium
514 3314 690 3380 secundum
706 3314 903 3380 Matthaeum
919 3317 964 3380 ita
979 3317 1099 3383 scribit.

341 3551 520 3637 Responsio
533 3550 574 3616 ad
589 3573 708 3616 nonam
722 3551 989 3617 criminationem.

553 3709 704 3776 CAPUT
732 3712 776 3778 X.

400 3881 451 3946 De
466 3880 723 3945 transmutatione
738 3881 924 3946 animorum.

85 4006 105 4023 ἰ
156 4125 161 4133 ,
187 4041 404 4107 Onrouuss.
435 4037 572 4126 Quidam
586 4037 922 4126 quidem-——patrum
937 4040 979 4106 ad
995 4042 1087 4124 filios.

185 4151 431 4215 Panarmnus.
458 4147 512 4212 De
525 4169 565 4250 eo
578 4147 661 4234 ipso,
677 4170 716 4213 ex
730 4148 901 4217 undecimo
917 4151 1002 4218 libro
1017 4153 1057 4218 de
1070 4156 1174 4222 Evan-

141 4259 232 4351 gelio
247 4258 424 4327 secundum
439 4257 648 4325 Matthaeum.
668 4261 757 4343 (num
774 4259 834 4338 17.)
