<?xml version="1.0" encoding="UTF-8"?>
<!DOCTYPE html PUBLIC "-//W3C//DTD XHTML 1.0 Transitional//EN"
    "http://www.w3.org/TR/xhtml1/DTD/xhtml1-transitional.dtd">
<html xmlns="http://www.w3.org/1999/xhtml" xml:lang="en" lang="en">
 <head>
  <title>
</title>
<meta http-equiv="Content-Type" content="text/html;charset=utf-8" />
  <meta name='ocr-system' content='tesseract 3.04.00' />
  <meta name='ocr-capabilities' content='ocr_page ocr_carea ocr_par ocr_line ocrx_word'/>
</head>
<body>
  <div class='ocr_page' id='page_1' title='image "./reliquiaesacrae10routgoog_0129.png"; bbox 0 0 2684 4740; ppageno 0'>
   <div class='ocr_carea' id='block_1_1' title="bbox 247 258 1000 375">
    <p class='ocr_par' dir='ltr' id='par_1_1' title="bbox 247 258 1000 375">
     <span class='ocr_line' id='line_1_1' title="bbox 247 258 1000 375; baseline -0.004 -11"><span class='ocrx_word' id='word_1_1' title='bbox 247 310 312 375; x_wconf 71' lang='lat'><strong>124-</strong></span> <span class='ocrx_word' id='word_1_2' title='bbox 599 291 935 363; x_wconf 75' lang='lat' dir='ltr'><strong>ARCHELAUs.</strong></span> <span class='ocrx_word' id='word_1_3' title='bbox 996 258 1000 266; x_wconf 82' lang='grc'><strong>’</strong></span> 
     </span>
    </p>
   </div>
   <div class='ocr_carea' id='block_1_2' title="bbox 162 463 1313 4257">
    <p class='ocr_par' dir='ltr' id='par_1_2' title="bbox 162 463 1313 4257">
     <span class='ocr_line' id='line_1_2' title="bbox 244 463 1295 547; baseline 0.005 -23"><span class='ocrx_word' id='word_1_4' title='bbox 244 465 360 547; x_wconf 81' lang='lat' dir='ltr'><strong>celiani,</strong></span> <span class='ocrx_word' id='word_1_5' title='bbox 374 463 420 523; x_wconf 87' lang='lat' dir='ltr'><strong>vel</strong></span> <span class='ocrx_word' id='word_1_6' title='bbox 433 465 509 525; x_wconf 90' lang='lat' dir='ltr'><strong>circa</strong></span> <span class='ocrx_word' id='word_1_7' title='bbox 519 464 614 524; x_wconf 79' lang='lat' dir='ltr'><strong>&#39;finem</strong></span> <span class='ocrx_word' id='word_1_8' title='bbox 633 467 761 546; x_wconf 85' lang='lat' dir='ltr'><strong>ejusdem</strong></span> <span class='ocrx_word' id='word_1_9' title='bbox 782 468 911 546; x_wconf 90' lang='lat' dir='ltr'><strong>Imperii,</strong></span> <span class='ocrx_word' id='word_1_10' title='bbox 926 477 956 526; x_wconf 89' lang='lat' dir='ltr'><strong>et</strong></span> <span class='ocrx_word' id='word_1_11' title='bbox 975 468 1090 527; x_wconf 89' lang='lat' dir='ltr'><strong>initium</strong></span> <span class='ocrx_word' id='word_1_12' title='bbox 1107 466 1209 537; x_wconf 88' lang='lat' dir='ltr'><strong>Probi,</strong></span> <span class='ocrx_word' id='word_1_13' title='bbox 1224 466 1295 529; x_wconf 75' lang='lat' dir='ltr'><strong>Ma-</strong></span> 
     </span>
     <span class='ocr_line' id='line_1_3' title="bbox 248 547 1295 628; baseline 0.001 -23"><span class='ocrx_word' id='word_1_14' title='bbox 248 566 301 605; x_wconf 90' lang='lat' dir='ltr'><strong>nes</strong></span> <span class='ocrx_word' id='word_1_15' title='bbox 315 548 485 621; x_wconf 82' lang='lat' dir='ltr'><strong>antiquioris</strong></span> <span class='ocrx_word' id='word_1_16' title='bbox 500 547 600 605; x_wconf 84' lang='lat' dir='ltr'><strong>nefarii</strong></span> <span class='ocrx_word' id='word_1_17' title='bbox 615 548 759 623; x_wconf 83' lang='lat' dir='ltr'><strong>dogmatis</strong></span> <span class='ocrx_word' id='word_1_18' title='bbox 774 551 952 607; x_wconf 90' lang='lat' dir='ltr'><strong>incrementa</strong></span> <span class='ocrx_word' id='word_1_19' title='bbox 964 551 1137 628; x_wconf 79' lang='lat' dir='ltr'><strong>procuravit.</strong></span> <span class='ocrx_word' id='word_1_20' title='bbox 1157 548 1295 613; x_wconf 75' lang='lat' dir='ltr'><strong>Priorem</strong></span> 
     </span>
     <span class='ocr_line' id='line_1_4' title="bbox 247 627 1293 710; baseline 0.002 -23"><span class='ocrx_word' id='word_1_21' title='bbox 247 627 405 710; x_wconf 85' lang='lat' dir='ltr'><strong>Epiphanii</strong></span> <span class='ocrx_word' id='word_1_22' title='bbox 433 627 572 686; x_wconf 87' lang='lat' dir='ltr'><strong>calculum</strong></span> <span class='ocrx_word' id='word_1_23' title='bbox 599 630 630 685; x_wconf 94' lang='lat' dir='ltr'><strong>in</strong></span> <span class='ocrx_word' id='word_1_24' title='bbox 656 630 731 686; x_wconf 89' lang='lat' dir='ltr'><strong>libro</strong></span> <span class='ocrx_word' id='word_1_25' title='bbox 756 631 791 687; x_wconf 90' lang='lat' dir='ltr'><strong>de</strong></span> <span class='ocrx_word' id='word_1_26' title='bbox 815 629 961 688; x_wconf 90' lang='lat' dir='ltr'><strong>Mensuris</strong></span> <span class='ocrx_word' id='word_1_27' title='bbox 986 639 1015 688; x_wconf 92' lang='lat' dir='ltr'><strong>et</strong></span> <span class='ocrx_word' id='word_1_28' title='bbox 1038 628 1219 691; x_wconf 70' lang='lat' dir='ltr'><strong>Ponderibus</strong></span> <span class='ocrx_word' id='word_1_29' title='bbox 1244 648 1293 689; x_wconf 82' lang='lat' dir='ltr'><strong>se·</strong></span> 
     </span>
     <span class='ocr_line' id='line_1_5' title="bbox 247 708 1292 789; baseline 0.003 -23"><span class='ocrx_word' id='word_1_30' title='bbox 247 711 346 786; x_wconf 86' lang='lat' dir='ltr'><strong>quitur</strong></span> <span class='ocrx_word' id='word_1_31' title='bbox 359 709 461 766; x_wconf 90' lang='lat' dir='ltr'><strong>Petrus</strong></span> <span class='ocrx_word' id='word_1_32' title='bbox 477 708 588 766; x_wconf 87' lang='lat' dir='ltr'><strong>Siculus</strong></span> <span class='ocrx_word' id='word_1_33' title='bbox 603 711 633 767; x_wconf 89' lang='lat' dir='ltr'><strong>in</strong></span> <span class='ocrx_word' id='word_1_34' title='bbox 649 710 729 769; x_wconf 89' lang='lat' dir='ltr'><strong>Hist.</strong></span> <span class='ocrx_word' id='word_1_35' title='bbox 743 711 974 770; x_wconf 83' lang='lat' dir='ltr'><strong>Manichaeorum</strong></span> <span class='ocrx_word' id='word_1_36' title='bbox 984 730 1051 789; x_wconf 88' lang='lat' dir='ltr'><strong>pag.</strong></span> <span class='ocrx_word' id='word_1_37' title='bbox 1062 712 1112 773; x_wconf 86' lang='lat'><strong>37.</strong></span> <span class='ocrx_word' id='word_1_38' title='bbox 1123 719 1154 771; x_wconf 86' lang='lat' dir='ltr'><strong>et</strong></span> <span class='ocrx_word' id='word_1_39' title='bbox 1164 709 1292 769; x_wconf 85' lang='lat' dir='ltr'><strong>Photius</strong></span> 
     </span>
     <span class='ocr_line' id='line_1_6' title="bbox 247 790 1293 869; baseline 0.001 -21"><span class='ocrx_word' id='word_1_40' title='bbox 247 792 279 849; x_wconf 89' lang='lat' dir='ltr'><strong>in</strong></span> <span class='ocrx_word' id='word_1_41' title='bbox 293 790 409 847; x_wconf 90' lang='lat' dir='ltr'><strong>laudato</strong></span> <span class='ocrx_word' id='word_1_42' title='bbox 424 790 474 848; x_wconf 91' lang='lat' dir='ltr'><strong>lib.</strong></span> <span class='ocrx_word' id='word_1_43' title='bbox 485 791 504 848; x_wconf 87' lang='lat' dir='ltr'><strong>i.</strong></span> <span class='ocrx_word' id='word_1_44' title='bbox 520 791 653 849; x_wconf 89' lang='lat' dir='ltr'><strong>adversus</strong></span> <span class='ocrx_word' id='word_1_45' title='bbox 666 791 839 850; x_wconf 89' lang='lat' dir='ltr'><strong>Manicheos</strong></span> <span class='ocrx_word' id='word_1_46' title='bbox 853 792 1068 869; x_wconf 84' lang='lat' dir='ltr'><strong>repullulantes,</strong></span> <span class='ocrx_word' id='word_1_47' title='bbox 1079 793 1147 850; x_wconf 87' lang='lat' dir='ltr'><strong>licet</strong></span> <span class='ocrx_word' id='word_1_48' title='bbox 1157 790 1293 849; x_wconf 77' lang='lat' dir='ltr'><strong>Valeria·</strong></span> 
     </span>
     <span class='ocr_line' id='line_1_7' title="bbox 247 868 1293 950; baseline 0.003 -20"><span class='ocrx_word' id='word_1_49' title='bbox 247 891 301 930; x_wconf 88' lang='lat' dir='ltr'><strong>nus</strong></span> <span class='ocrx_word' id='word_1_50' title='bbox 316 873 393 944; x_wconf 87' lang='lat' dir='ltr'><strong>Aug.</strong></span> <span class='ocrx_word' id='word_1_51' title='bbox 409 868 472 948; x_wconf 82' lang='lat' dir='ltr'><strong>jain</strong></span> <span class='ocrx_word' id='word_1_52' title='bbox 494 870 530 927; x_wconf 90' lang='lat' dir='ltr'><strong>ab</strong></span> <span class='ocrx_word' id='word_1_53' title='bbox 553 891 631 928; x_wconf 93' lang='lat' dir='ltr'><strong>anno</strong></span> <span class='ocrx_word' id='word_1_54' title='bbox 645 890 704 929; x_wconf 89' lang='lat' dir='ltr'><strong>v11.</strong></span> <span class='ocrx_word' id='word_1_55' title='bbox 720 871 780 950; x_wconf 90' lang='lat' dir='ltr'><strong>ejus</strong></span> <span class='ocrx_word' id='word_1_56' title='bbox 796 871 913 950; x_wconf 89' lang='lat' dir='ltr'><strong>Imperii</strong></span> <span class='ocrx_word' id='word_1_57' title='bbox 936 895 953 930; x_wconf 91' lang='lat' dir='ltr'><strong>a</strong></span> <span class='ocrx_word' id='word_1_58' title='bbox 972 874 1080 950; x_wconf 85' lang='lat' dir='ltr'><strong>Sapore</strong></span> <span class='ocrx_word' id='word_1_59' title='bbox 1097 890 1165 949; x_wconf 86' lang='lat' dir='ltr'><strong>rege</strong></span> <span class='ocrx_word' id='word_1_60' title='bbox 1183 870 1293 933; x_wconf 73' lang='lat' dir='ltr'><strong>Persa·</strong></span> 
     </span>
     <span class='ocr_line' id='line_1_8' title="bbox 246 951 1293 1031; baseline 0 -20"><span class='ocrx_word' id='word_1_61' title='bbox 246 972 311 1011; x_wconf 87' lang='lat' dir='ltr'><strong>rum</strong></span> <span class='ocrx_word' id='word_1_62' title='bbox 330 961 429 1028; x_wconf 88' lang='lat' dir='ltr'><strong>captus</strong></span> <span class='ocrx_word' id='word_1_63' title='bbox 449 951 555 1022; x_wconf 71' lang='lat' dir='ltr'><strong>fuerit,</strong></span> <span class='ocrx_word' id='word_1_64' title='bbox 580 954 768 1030; x_wconf 86' lang='lat' dir='ltr'><strong>posteriorem</strong></span> <span class='ocrx_word' id='word_1_65' title='bbox 784 974 851 1011; x_wconf 88' lang='lat' dir='ltr'><strong>vero</strong></span> <span class='ocrx_word' id='word_1_66' title='bbox 866 954 991 1031; x_wconf 83' lang='lat' dir='ltr'><strong>probant</strong></span> <span class='ocrx_word' id='word_1_67' title='bbox 1004 963 1069 1011; x_wconf 89' lang='lat' dir='ltr'><strong>acta</strong></span> <span class='ocrx_word' id='word_1_68' title='bbox 1083 955 1145 1031; x_wconf 87' lang='lat' dir='ltr'><strong>ipsa</strong></span> <span class='ocrx_word' id='word_1_69' title='bbox 1157 953 1293 1030; x_wconf 85' lang='lat' dir='ltr'><strong>disputa·</strong></span> 
     </span>
     <span class='ocr_line' id='line_1_9' title="bbox 243 1032 1292 1112; baseline 0.003 -22"><span class='ocrx_word' id='word_1_70' title='bbox 243 1034 334 1091; x_wconf 81' lang='lat' dir='ltr'><strong>tionis</strong></span> <span class='ocrx_word' id='word_1_71' title='bbox 350 1032 484 1089; x_wconf 82' lang='lat' dir='ltr'><strong>Archelai</strong></span> <span class='ocrx_word' id='word_1_72' title='bbox 507 1053 572 1089; x_wconf 88' lang='lat' dir='ltr'><strong>cnm</strong></span> <span class='ocrx_word' id='word_1_73' title='bbox 590 1033 719 1099; x_wconf 74' lang='lat' dir='ltr'><strong>Manere,</strong></span> <span class='ocrx_word' id='word_1_74' title='bbox 733 1055 768 1091; x_wconf 88' lang='lat' dir='ltr'><strong>ex</strong></span> <span class='ocrx_word' id='word_1_75' title='bbox 783 1054 904 1109; x_wconf 89' lang='lat' dir='ltr'><strong>quorum</strong></span> <span class='ocrx_word' id='word_1_76' title='bbox 918 1054 980 1112; x_wconf 85' lang='lat' dir='ltr'><strong>cap.</strong></span> <span class='ocrx_word' id='word_1_77' title='bbox 995 1036 1102 1092; x_wconf 85' lang='lat' dir='ltr'><strong>xxxvii.</strong></span> <span class='ocrx_word' id='word_1_78' title='bbox 1121 1033 1216 1093; x_wconf 76' lang='lat' dir='ltr'><strong>lucide</strong></span> <span class='ocrx_word' id='word_1_79' title='bbox 1234 1052 1292 1112; x_wconf 75' lang='lat' dir='ltr'><strong>np-</strong></span> 
     </span>
     <span class='ocr_line' id='line_1_10' title="bbox 245 1113 1293 1192; baseline 0.002 -21"><span class='ocrx_word' id='word_1_80' title='bbox 245 1122 340 1192; x_wconf 90' lang='lat' dir='ltr'><strong>paret,</strong></span> <span class='ocrx_word' id='word_1_81' title='bbox 353 1114 527 1170; x_wconf 84' lang='lat' dir='ltr'><strong>Archelaum</strong></span> <span class='ocrx_word' id='word_1_82' title='bbox 546 1113 598 1171; x_wconf 92' lang='lat' dir='ltr'><strong>sub</strong></span> <span class='ocrx_word' id='word_1_83' title='bbox 620 1115 747 1192; x_wconf 89' lang='lat' dir='ltr'><strong>Imperio</strong></span> <span class='ocrx_word' id='word_1_84' title='bbox 765 1115 865 1181; x_wconf 90' lang='lat' dir='ltr'><strong>Probi,</strong></span> <span class='ocrx_word' id='word_1_85' title='bbox 881 1135 940 1174; x_wconf 89' lang='lat' dir='ltr'><strong>uon</strong></span> <span class='ocrx_word' id='word_1_86' title='bbox 958 1124 1055 1175; x_wconf 88' lang='lat' dir='ltr'><strong>autem</strong></span> <span class='ocrx_word' id='word_1_87' title='bbox 1068 1114 1208 1182; x_wconf 81' lang='lat' dir='ltr'><strong>Gallieni,</strong></span> <span class='ocrx_word' id='word_1_88' title='bbox 1222 1132 1293 1173; x_wconf 79' lang='lat' dir='ltr'><strong>cum</strong></span> 
     </span>
     <span class='ocr_line' id='line_1_11' title="bbox 244 1192 1293 1275; baseline -0.002 -22"><span class='ocrx_word' id='word_1_89' title='bbox 244 1192 377 1262; x_wconf 90' lang='lat' dir='ltr'><strong>Manete,</strong></span> <span class='ocrx_word' id='word_1_90' title='bbox 391 1194 425 1250; x_wconf 89' lang='lat' dir='ltr'><strong>de</strong></span> <span class='ocrx_word' id='word_1_91' title='bbox 440 1193 520 1271; x_wconf 89' lang='lat' dir='ltr'><strong>cujus</strong></span> <span class='ocrx_word' id='word_1_92' title='bbox 539 1195 641 1251; x_wconf 81' lang='lat' dir='ltr'><strong>haeresi</strong></span> <span class='ocrx_word' id='word_1_93' title='bbox 659 1195 701 1252; x_wconf 91' lang='lat' dir='ltr'><strong>nil</strong></span> <span class='ocrx_word' id='word_1_94' title='bbox 722 1196 814 1252; x_wconf 91' lang='lat' dir='ltr'><strong>adhuc</strong></span> <span class='ocrx_word' id='word_1_95' title='bbox 835 1196 890 1252; x_wconf 92' lang='lat' dir='ltr'><strong>sibi</strong></span> <span class='ocrx_word' id='word_1_96' title='bbox 909 1205 1088 1273; x_wconf 89' lang='lat' dir='ltr'><strong>compertum</strong></span> <span class='ocrx_word' id='word_1_97' title='bbox 1102 1206 1174 1264; x_wconf 85' lang='lat' dir='ltr'><strong>erat,</strong></span> <span class='ocrx_word' id='word_1_98' title='bbox 1189 1195 1293 1275; x_wconf 85' lang='lat' dir='ltr'><strong>dispu-</strong></span> 
     </span>
     <span class='ocr_line' id='line_1_12' title="bbox 246 1274 1294 1355; baseline 0.003 -22"><span class='ocrx_word' id='word_1_99' title='bbox 246 1286 333 1333; x_wconf 88' lang='lat' dir='ltr'><strong>tasse.</strong></span> <span class='ocrx_word' id='word_1_100' title='bbox 376 1274 498 1352; x_wconf 90' lang='lat' dir='ltr'><strong>Cyrillus</strong></span> <span class='ocrx_word' id='word_1_101' title='bbox 514 1295 628 1351; x_wconf 91' lang='lat' dir='ltr'><strong>quoque</strong></span> <span class='ocrx_word' id='word_1_102' title='bbox 643 1275 936 1352; x_wconf 87' lang='lat' dir='ltr'><strong>Hierosolymitanus,</strong></span> <span class='ocrx_word' id='word_1_103' title='bbox 951 1277 1000 1352; x_wconf 89' lang='lat' dir='ltr'><strong>qui</strong></span> <span class='ocrx_word' id='word_1_104' title='bbox 1020 1277 1294 1355; x_wconf 74' lang='lat' dir='ltr'><strong>septuaginta-tan·</strong></span> 
     </span>
     <span class='ocr_line' id='line_1_13' title="bbox 245 1356 1293 1433; baseline -0.001 -19"><span class='ocrx_word' id='word_1_105' title='bbox 245 1366 308 1414; x_wconf 86' lang='lat' dir='ltr'><strong>tum</strong></span> <span class='ocrx_word' id='word_1_106' title='bbox 324 1357 406 1413; x_wconf 89' lang='lat' dir='ltr'><strong>annis</strong></span> <span class='ocrx_word' id='word_1_107' title='bbox 420 1365 486 1433; x_wconf 86' lang='lat' dir='ltr'><strong>post</strong></span> <span class='ocrx_word' id='word_1_108' title='bbox 500 1357 641 1413; x_wconf 87' lang='lat' dir='ltr'><strong>detectam</strong></span> <span class='ocrx_word' id='word_1_109' title='bbox 656 1356 784 1413; x_wconf 87' lang='lat' dir='ltr'><strong>Munetis</strong></span> <span class='ocrx_word' id='word_1_110' title='bbox 798 1357 929 1414; x_wconf 79' lang='lat' dir='ltr'><strong>heresim</strong></span> <span class='ocrx_word' id='word_1_111' title='bbox 941 1357 1106 1414; x_wconf 79' lang='lat' dir='ltr'><strong>rescribere</strong></span> <span class='ocrx_word' id='word_1_112' title='bbox 1118 1365 1246 1415; x_wconf 85' lang='lat' dir='ltr'><strong>testatur</strong></span> <span class='ocrx_word' id='word_1_113' title='bbox 1258 1357 1293 1413; x_wconf 91' lang='lat' dir='ltr'><strong>in</strong></span> 
     </span>
     <span class='ocr_line' id='line_1_14' title="bbox 247 1437 1293 1516; baseline 0 -22"><span class='ocrx_word' id='word_1_114' title='bbox 247 1438 400 1494; x_wconf 89' lang='lat' dir='ltr'><strong>Catechesi</strong></span> <span class='ocrx_word' id='word_1_115' title='bbox 414 1439 452 1494; x_wconf 87' lang='lat' dir='ltr'><strong>vi.</strong></span> <span class='ocrx_word' id='word_1_116' title='bbox 468 1456 532 1514; x_wconf 84' lang='lat' dir='ltr'><strong>pag.</strong></span> <span class='ocrx_word' id='word_1_117' title='bbox 549 1437 778 1497; x_wconf 69' lang='lat' dir='ltr'><strong>montaneam</strong></span> <span class='ocrx_word' id='word_1_118' title='bbox 799 1437 897 1494; x_wconf 92' lang='lat' dir='ltr'><strong>Probo</strong></span> <span class='ocrx_word' id='word_1_119' title='bbox 916 1439 1084 1516; x_wconf 88' lang='lat' dir='ltr'><strong>imperante,</strong></span> <span class='ocrx_word' id='word_1_120' title='bbox 1097 1438 1233 1495; x_wconf 74' lang='lat' dir='ltr'><strong>haeresim</strong></span> <span class='ocrx_word' id='word_1_121' title='bbox 1244 1437 1293 1495; x_wconf 87' lang='lat' dir='ltr'><strong>di·</strong></span> 
     </span>
     <span class='ocr_line' id='line_1_15' title="bbox 245 1517 1292 1597; baseline -0.001 -22"><span class='ocrx_word' id='word_1_122' title='bbox 245 1519 363 1597; x_wconf 84' lang='lat' dir='ltr'><strong>vulgare</strong></span> <span class='ocrx_word' id='word_1_123' title='bbox 378 1519 509 1595; x_wconf 87' lang='lat' dir='ltr'><strong>coepisse,</strong></span> <span class='ocrx_word' id='word_1_124' title='bbox 524 1517 629 1574; x_wconf 87' lang='lat' dir='ltr'><strong>diserte</strong></span> <span class='ocrx_word' id='word_1_125' title='bbox 643 1519 752 1575; x_wconf 87' lang='lat' dir='ltr'><strong>scribit.</strong></span> <span class='ocrx_word' id='word_1_126' title='bbox 793 1517 956 1575; x_wconf 88' lang='lat' dir='ltr'><strong>Dicendum</strong></span> <span class='ocrx_word' id='word_1_127' title='bbox 973 1519 1073 1595; x_wconf 89' lang='lat' dir='ltr'><strong>itaque</strong></span> <span class='ocrx_word' id='word_1_128' title='bbox 1087 1528 1142 1587; x_wconf 87' lang='lat' dir='ltr'><strong>est,</strong></span> <span class='ocrx_word' id='word_1_129' title='bbox 1156 1518 1292 1597; x_wconf 76' lang='lat' dir='ltr'><strong>Epipha-</strong></span> 
     </span>
     <span class='ocr_line' id='line_1_16' title="bbox 244 1597 1294 1667; baseline 0.002 -12"><span class='ocrx_word' id='word_1_130' title='bbox 244 1600 326 1656; x_wconf 91' lang='lat' dir='ltr'><strong>nium</strong></span> <span class='ocrx_word' id='word_1_131' title='bbox 344 1600 374 1654; x_wconf 92' lang='lat' dir='ltr'><strong>in</strong></span> <span class='ocrx_word' id='word_1_132' title='bbox 393 1599 468 1655; x_wconf 90' lang='lat' dir='ltr'><strong>libro</strong></span> <span class='ocrx_word' id='word_1_133' title='bbox 487 1598 522 1654; x_wconf 90' lang='lat' dir='ltr'><strong>de</strong></span> <span class='ocrx_word' id='word_1_134' title='bbox 542 1597 688 1654; x_wconf 83' lang='lat' dir='ltr'><strong>Mensuris</strong></span> <span class='ocrx_word' id='word_1_135' title='bbox 703 1609 732 1655; x_wconf 93' lang='lat' dir='ltr'><strong>et</strong></span> <span class='ocrx_word' id='word_1_136' title='bbox 749 1599 928 1656; x_wconf 86' lang='lat' dir='ltr'><strong>Ponderibus</strong></span> <span class='ocrx_word' id='word_1_137' title='bbox 943 1618 1063 1667; x_wconf 88' lang='lat' dir='ltr'><strong>errasse,</strong></span> <span class='ocrx_word' id='word_1_138' title='bbox 1077 1608 1107 1656; x_wconf 88' lang='lat' dir='ltr'><strong>et</strong></span> <span class='ocrx_word' id='word_1_139' title='bbox 1118 1598 1215 1657; x_wconf 85' lang='lat' dir='ltr'><strong>multo</strong></span> <span class='ocrx_word' id='word_1_140' title='bbox 1226 1616 1294 1667; x_wconf 76' lang='lat' dir='ltr'><strong>cer·</strong></span> 
     </span>
     <span class='ocr_line' id='line_1_17' title="bbox 244 1679 1292 1757; baseline 0 -20"><span class='ocrx_word' id='word_1_141' title='bbox 244 1681 322 1757; x_wconf 80' lang='lat' dir='ltr'><strong>tiora</strong></span> <span class='ocrx_word' id='word_1_142' title='bbox 335 1680 370 1736; x_wconf 92' lang='lat' dir='ltr'><strong>de</strong></span> <span class='ocrx_word' id='word_1_143' title='bbox 383 1679 614 1736; x_wconf 83' lang='lat' dir='ltr'><strong>Manichaeorum</strong></span> <span class='ocrx_word' id='word_1_144' title='bbox 627 1681 743 1736; x_wconf 80' lang='lat' dir='ltr'><strong>haeresis</strong></span> <span class='ocrx_word' id='word_1_145' title='bbox 759 1689 862 1737; x_wconf 84' lang='lat' dir='ltr'><strong>exortu</strong></span> <span class='ocrx_word' id='word_1_146' title='bbox 875 1682 905 1736; x_wconf 91' lang='lat' dir='ltr'><strong>in</strong></span> <span class='ocrx_word' id='word_1_147' title='bbox 920 1680 999 1737; x_wconf 90' lang='lat' dir='ltr'><strong>libris</strong></span> <span class='ocrx_word' id='word_1_148' title='bbox 1016 1680 1150 1737; x_wconf 82' lang='lat' dir='ltr'><strong>adversus</strong></span> <span class='ocrx_word' id='word_1_149' title='bbox 1162 1680 1292 1737; x_wconf 70' lang='lat' dir='ltr'><strong>hareses</strong></span> 
     </span>
     <span class='ocr_line' id='line_1_18' title="bbox 244 1759 1292 1838; baseline -0.001 -20"><span class='ocrx_word' id='word_1_150' title='bbox 244 1760 330 1818; x_wconf 91' lang='lat' dir='ltr'><strong>nobis</strong></span> <span class='ocrx_word' id='word_1_151' title='bbox 351 1761 510 1827; x_wconf 87' lang='lat' dir='ltr'><strong>tradidisse,</strong></span> <span class='ocrx_word' id='word_1_152' title='bbox 524 1759 594 1816; x_wconf 90' lang='lat' dir='ltr'><strong>licet</strong></span> <span class='ocrx_word' id='word_1_153' title='bbox 613 1760 643 1817; x_wconf 92' lang='lat' dir='ltr'><strong>in</strong></span> <span class='ocrx_word' id='word_1_154' title='bbox 665 1761 772 1817; x_wconf 88' lang='lat' dir='ltr'><strong>eisdem</strong></span> <span class='ocrx_word' id='word_1_155' title='bbox 792 1780 906 1838; x_wconf 89' lang='lat' dir='ltr'><strong>quoque</strong></span> <span class='ocrx_word' id='word_1_156' title='bbox 923 1761 1004 1818; x_wconf 88' lang='lat' dir='ltr'><strong>libris</strong></span> <span class='ocrx_word' id='word_1_157' title='bbox 1024 1762 1129 1821; x_wconf 84' lang='lat' dir='ltr'><strong>iterum</strong></span> <span class='ocrx_word' id='word_1_158' title='bbox 1150 1759 1292 1819; x_wconf 75' lang='lat' dir='ltr'><strong>sibinen</strong></span> 
     </span>
     <span class='ocr_line' id='line_1_19' title="bbox 245 1840 1290 1916; baseline 0 -19"><span class='ocrx_word' id='word_1_159' title='bbox 245 1851 379 1897; x_wconf 88' lang='lat' dir='ltr'><strong>constare</strong></span> <span class='ocrx_word' id='word_1_160' title='bbox 397 1841 640 1916; x_wconf 89' lang='lat' dir='ltr'><strong>deprehendatur;</strong></span> <span class='ocrx_word' id='word_1_161' title='bbox 664 1861 732 1897; x_wconf 88' lang='lat' dir='ltr'><strong>nam</strong></span> <span class='ocrx_word' id='word_1_162' title='bbox 753 1860 818 1897; x_wconf 91' lang='lat' dir='ltr'><strong>cnm</strong></span> <span class='ocrx_word' id='word_1_163' title='bbox 838 1842 957 1898; x_wconf 81' lang='lat' dir='ltr'><strong>dixisset</strong></span> <span class='ocrx_word' id='word_1_164' title='bbox 975 1860 1052 1899; x_wconf 87' lang='lat' dir='ltr'><strong>anno</strong></span> <span class='ocrx_word' id='word_1_165' title='bbox 1068 1858 1111 1899; x_wconf 82' lang='lat' dir='ltr'><strong>rv..</strong></span> <span class='ocrx_word' id='word_1_166' title='bbox 1125 1840 1290 1909; x_wconf 81' lang='lat' dir='ltr'><strong>Aurelisni,</strong></span> 
     </span>
     <span class='ocr_line' id='line_1_20' title="bbox 246 1920 1291 2000; baseline 0.003 -24"><span class='ocrx_word' id='word_1_167' title='bbox 246 1922 294 1997; x_wconf 86' lang='lat' dir='ltr'><strong>qui</strong></span> <span class='ocrx_word' id='word_1_168' title='bbox 315 1930 424 1999; x_wconf 88' lang='lat' dir='ltr'><strong>partem</strong></span> <span class='ocrx_word' id='word_1_169' title='bbox 443 1922 512 1977; x_wconf 90' lang='lat' dir='ltr'><strong>anni</strong></span> <span class='ocrx_word' id='word_1_170' title='bbox 531 1937 688 1979; x_wconf 78' lang='lat' dir='ltr'><strong>ccrxx111.</strong></span> <span class='ocrx_word' id='word_1_171' title='bbox 704 1931 733 1978; x_wconf 90' lang='lat' dir='ltr'><strong>et</strong></span> <span class='ocrx_word' id='word_1_172' title='bbox 748 1940 898 1983; x_wconf 78' lang='lat' dir='ltr'><strong>ccrxxrv.</strong></span> <span class='ocrx_word' id='word_1_173' title='bbox 912 1921 1125 2000; x_wconf 89' lang='lat' dir='ltr'><strong>complectitur,</strong></span> <span class='ocrx_word' id='word_1_174' title='bbox 1139 1920 1291 1979; x_wconf 73' lang='lat' dir='ltr'><strong>emersisse</strong></span> 
     </span>
     <span class='ocr_line' id='line_1_21' title="bbox 245 1996 1292 2078; baseline 0.002 -21"><span class='ocrx_word' id='word_1_175' title='bbox 245 1996 406 2067; x_wconf 87' lang='lat' dir='ltr'><strong>Manetem,</strong></span> <span class='ocrx_word' id='word_1_176' title='bbox 431 2020 465 2057; x_wconf 93' lang='lat' dir='ltr'><strong>ac</strong></span> <span class='ocrx_word' id='word_1_177' title='bbox 489 2010 628 2078; x_wconf 76' lang='lat' dir='ltr'><strong>preterea</strong></span> <span class='ocrx_word' id='word_1_178' title='bbox 652 2003 830 2073; x_wconf 90' lang='lat' dir='ltr'><strong>affirmasset,</strong></span> <span class='ocrx_word' id='word_1_179' title='bbox 856 2003 886 2059; x_wconf 91' lang='lat' dir='ltr'><strong>id</strong></span> <span class='ocrx_word' id='word_1_180' title='bbox 912 2003 1050 2060; x_wconf 86' lang='lat' dir='ltr'><strong>accidisse</strong></span> <span class='ocrx_word' id='word_1_181' title='bbox 1073 2002 1238 2070; x_wconf 78' lang='lat' dir='ltr'><strong>Aureliani,</strong></span> <span class='ocrx_word' id='word_1_182' title='bbox 1261 2009 1292 2059; x_wconf 81' lang='lat' dir='ltr'><strong>ct</strong></span> 
     </span>
     <span class='ocr_line' id='line_1_22' title="bbox 246 2081 1291 2158; baseline 0.003 -20"><span class='ocrx_word' id='word_1_183' title='bbox 246 2081 336 2138; x_wconf 92' lang='lat' dir='ltr'><strong>Probi</strong></span> <span class='ocrx_word' id='word_1_184' title='bbox 360 2082 549 2158; x_wconf 87' lang='lat' dir='ltr'><strong>temporibus,</strong></span> <span class='ocrx_word' id='word_1_185' title='bbox 571 2082 627 2138; x_wconf 90' lang='lat' dir='ltr'><strong>hoc</strong></span> <span class='ocrx_word' id='word_1_186' title='bbox 649 2091 703 2149; x_wconf 91' lang='lat' dir='ltr'><strong>est,</strong></span> <span class='ocrx_word' id='word_1_187' title='bbox 726 2102 803 2141; x_wconf 89' lang='lat' dir='ltr'><strong>anno</strong></span> <span class='ocrx_word' id='word_1_188' title='bbox 828 2084 937 2140; x_wconf 86' lang='lat' dir='ltr'><strong>Christi</strong></span> <span class='ocrx_word' id='word_1_189' title='bbox 961 2081 1291 2145; x_wconf 78' lang='lat' dir='ltr'><strong>cccxxv1.secuodum</strong></span> 
     </span>
     <span class='ocr_line' id='line_1_23' title="bbox 246 2160 1290 2239; baseline 0.003 -21"><span class='ocrx_word' id='word_1_190' title='bbox 246 2161 398 2239; x_wconf 90' lang='lat' dir='ltr'><strong>quosdam,</strong></span> <span class='ocrx_word' id='word_1_191' title='bbox 412 2162 462 2237; x_wconf 89' lang='lat' dir='ltr'><strong>qui</strong></span> <span class='ocrx_word' id='word_1_192' title='bbox 471 2160 534 2238; x_wconf 91' lang='lat' dir='ltr'><strong>jam</strong></span> <span class='ocrx_word' id='word_1_193' title='bbox 548 2170 611 2219; x_wconf 90' lang='lat' dir='ltr'><strong>tum</strong></span> <span class='ocrx_word' id='word_1_194' title='bbox 625 2162 661 2219; x_wconf 89' lang='lat' dir='ltr'><strong>ab</strong></span> <span class='ocrx_word' id='word_1_195' title='bbox 676 2161 737 2239; x_wconf 90' lang='lat' dir='ltr'><strong>ejus</strong></span> <span class='ocrx_word' id='word_1_196' title='bbox 751 2164 904 2221; x_wconf 89' lang='lat' dir='ltr'><strong>nativitate</strong></span> <span class='ocrx_word' id='word_1_197' title='bbox 917 2183 1009 2221; x_wconf 89' lang='lat' dir='ltr'><strong>annos</strong></span> <span class='ocrx_word' id='word_1_198' title='bbox 1024 2182 1176 2221; x_wconf 83' lang='lat' dir='ltr'><strong>numerare</strong></span> <span class='ocrx_word' id='word_1_199' title='bbox 1189 2180 1290 2221; x_wconf 79' lang='lat' dir='ltr'><strong>sueve-</strong></span> 
     </span>
     <span class='ocr_line' id='line_1_24' title="bbox 245 2242 1291 2322; baseline 0.001 -22"><span class='ocrx_word' id='word_1_200' title='bbox 245 2252 324 2310; x_wconf 88' lang='lat' dir='ltr'><strong>rant,</strong></span> <span class='ocrx_word' id='word_1_201' title='bbox 340 2242 407 2299; x_wconf 89' lang='lat' dir='ltr'><strong>licet</strong></span> <span class='ocrx_word' id='word_1_202' title='bbox 421 2260 470 2298; x_wconf 90' lang='lat' dir='ltr'><strong>eos</strong></span> <span class='ocrx_word' id='word_1_203' title='bbox 485 2263 503 2299; x_wconf 85' lang='lat' dir='ltr'><strong>a</strong></span> <span class='ocrx_word' id='word_1_204' title='bbox 516 2243 626 2299; x_wconf 88' lang='lat' dir='ltr'><strong>Christi</strong></span> <span class='ocrx_word' id='word_1_205' title='bbox 644 2244 674 2299; x_wconf 91' lang='lat' dir='ltr'><strong>in</strong></span> <span class='ocrx_word' id='word_1_206' title='bbox 692 2244 782 2301; x_wconf 86' lang='lat' dir='ltr'><strong>coelos</strong></span> <span class='ocrx_word' id='word_1_207' title='bbox 804 2247 1001 2322; x_wconf 87' lang='lat' dir='ltr'><strong>assumptione</strong></span> <span class='ocrx_word' id='word_1_208' title='bbox 1019 2264 1111 2303; x_wconf 87' lang='lat' dir='ltr'><strong>annos</strong></span> <span class='ocrx_word' id='word_1_209' title='bbox 1132 2252 1291 2322; x_wconf 73' lang='lat' dir='ltr'><strong>supputere</strong></span> 
     </span>
     <span class='ocr_line' id='line_1_25' title="bbox 244 2322 1313 2402; baseline -0.002 -20"><span class='ocrx_word' id='word_1_210' title='bbox 244 2322 427 2402; x_wconf 85' lang='lat' dir='ltr'><strong>Epiphanius</strong></span> <span class='ocrx_word' id='word_1_211' title='bbox 452 2334 570 2390; x_wconf 87' lang='lat' dir='ltr'><strong>asserat,</strong></span> <span class='ocrx_word' id='word_1_212' title='bbox 594 2322 639 2380; x_wconf 90' lang='lat' dir='ltr'><strong>vel</strong></span> <span class='ocrx_word' id='word_1_213' title='bbox 663 2344 741 2381; x_wconf 93' lang='lat' dir='ltr'><strong>anno</strong></span> <span class='ocrx_word' id='word_1_214' title='bbox 764 2342 892 2382; x_wconf 77' lang='lat' dir='ltr'><strong>ccxcvi.</strong></span> <span class='ocrx_word' id='word_1_215' title='bbox 913 2325 1069 2382; x_wconf 89' lang='lat' dir='ltr'><strong>secundum</strong></span> <span class='ocrx_word' id='word_1_216' title='bbox 1090 2324 1175 2391; x_wconf 87' lang='lat' dir='ltr'><strong>alios,</strong></span> <span class='ocrx_word' id='word_1_217' title='bbox 1198 2324 1251 2401; x_wconf 87' lang='lat' dir='ltr'><strong>qui</strong></span> <span class='ocrx_word' id='word_1_218' title='bbox 1272 2340 1313 2380; x_wconf 58' lang='lat' dir='ltr'><strong>a*</strong></span> 
     </span>
     <span class='ocr_line' id='line_1_26' title="bbox 247 2400 1290 2483; baseline 0 -21"><span class='ocrx_word' id='word_1_219' title='bbox 247 2400 356 2462; x_wconf 85' lang='lat' dir='ltr'><strong>Christi</strong></span> <span class='ocrx_word' id='word_1_220' title='bbox 380 2412 474 2461; x_wconf 89' lang='lat' dir='ltr'><strong>morte</strong></span> <span class='ocrx_word' id='word_1_221' title='bbox 498 2423 590 2462; x_wconf 89' lang='lat' dir='ltr'><strong>annos</strong></span> <span class='ocrx_word' id='word_1_222' title='bbox 615 2405 811 2482; x_wconf 89' lang='lat' dir='ltr'><strong>supputabant</strong></span> <span class='ocrx_word' id='word_1_223' title='bbox 822 2430 831 2476; x_wconf 75' lang='lat'>3</span> <span class='ocrx_word' id='word_1_224' title='bbox 859 2414 961 2483; x_wconf 87' lang='lat' dir='ltr'><strong>postea</strong></span> <span class='ocrx_word' id='word_1_225' title='bbox 985 2405 1092 2472; x_wconf 86' lang='lat' dir='ltr'><strong>subdit,</strong></span> <span class='ocrx_word' id='word_1_226' title='bbox 1118 2424 1136 2462; x_wconf 90' lang='lat' dir='ltr'><strong>a</strong></span> <span class='ocrx_word' id='word_1_227' title='bbox 1159 2403 1290 2462; x_wconf 68' lang='lat' dir='ltr'><strong>Marciis</strong></span> 
     </span>
     <span class='ocr_line' id='line_1_27' title="bbox 245 2484 1289 2564; baseline -0.003 -20"><span class='ocrx_word' id='word_1_228' title='bbox 245 2485 424 2564; x_wconf 89' lang='lat' dir='ltr'><strong>temporibus</strong></span> <span class='ocrx_word' id='word_1_229' title='bbox 440 2504 528 2561; x_wconf 88' lang='lat' dir='ltr'><strong>usque</strong></span> <span class='ocrx_word' id='word_1_230' title='bbox 543 2486 578 2541; x_wconf 91' lang='lat' dir='ltr'><strong>ad</strong></span> <span class='ocrx_word' id='word_1_231' title='bbox 593 2505 700 2543; x_wconf 88' lang='lat' dir='ltr'><strong>annum</strong></span> <span class='ocrx_word' id='word_1_232' title='bbox 716 2505 787 2543; x_wconf 89' lang='lat' dir='ltr'>x111.</span> <span class='ocrx_word' id='word_1_233' title='bbox 800 2486 874 2564; x_wconf 90' lang='lat' dir='ltr'><strong>lmp.</strong></span> <span class='ocrx_word' id='word_1_234' title='bbox 886 2485 1027 2553; x_wconf 88' lang='lat' dir='ltr'><strong>Valentis,</strong></span> <span class='ocrx_word' id='word_1_235' title='bbox 1038 2495 1068 2541; x_wconf 91' lang='lat' dir='ltr'><strong>et</strong></span> <span class='ocrx_word' id='word_1_236' title='bbox 1083 2502 1129 2542; x_wconf 86' lang='lat' dir='ltr'><strong>rx.</strong></span> <span class='ocrx_word' id='word_1_237' title='bbox 1142 2484 1289 2552; x_wconf 72' lang='lat' dir='ltr'><strong>Gratiani,</strong></span> 
     </span>
     <span class='ocr_line' id='line_1_28' title="bbox 243 2564 1289 2646; baseline -0.002 -22"><span class='ocrx_word' id='word_1_238' title='bbox 243 2568 424 2646; x_wconf 80' lang='lat' dir='ltr'><strong>septimum</strong></span> <span class='ocrx_word' id='word_1_239' title='bbox 442 2566 639 2623; x_wconf 88' lang='lat' dir='ltr'><strong>Valentiniani</strong></span> <span class='ocrx_word' id='word_1_240' title='bbox 657 2568 798 2635; x_wconf 90' lang='lat' dir='ltr'><strong>Junioris,</strong></span> <span class='ocrx_word' id='word_1_241' title='bbox 818 2587 875 2642; x_wconf 91' lang='lat' dir='ltr'><strong>quo</strong></span> <span class='ocrx_word' id='word_1_242' title='bbox 896 2568 958 2644; x_wconf 91' lang='lat' dir='ltr'><strong>ipse</strong></span> <span class='ocrx_word' id='word_1_243' title='bbox 979 2564 1134 2632; x_wconf 89' lang='lat' dir='ltr'><strong>scribebat,</strong></span> <span class='ocrx_word' id='word_1_244' title='bbox 1155 2566 1216 2622; x_wconf 83' lang='lat' dir='ltr'><strong>hoc</strong></span> <span class='ocrx_word' id='word_1_245' title='bbox 1235 2573 1289 2632; x_wconf 84' lang='lat' dir='ltr'><strong>est,</strong></span> 
     </span>
     <span class='ocr_line' id='line_1_29' title="bbox 244 2647 1289 2724; baseline -0.002 -19"><span class='ocrx_word' id='word_1_246' title='bbox 244 2649 393 2724; x_wconf 89' lang='lat' dir='ltr'><strong>usquead</strong></span> <span class='ocrx_word' id='word_1_247' title='bbox 418 2667 481 2705; x_wconf 76' lang='lat' dir='ltr'><strong>aras</strong></span> <span class='ocrx_word' id='word_1_248' title='bbox 504 2647 629 2722; x_wconf 86' lang='lat' dir='ltr'><strong>vulgaris</strong></span> <span class='ocrx_word' id='word_1_249' title='bbox 654 2667 761 2704; x_wconf 89' lang='lat' dir='ltr'><strong>annum</strong></span> <span class='ocrx_word' id='word_1_250' title='bbox 788 2665 958 2706; x_wconf 79' lang='lat' dir='ltr'><strong>ccccxxvr.</strong></span> <span class='ocrx_word' id='word_1_251' title='bbox 980 2647 1177 2703; x_wconf 85' lang='lat' dir='ltr'><strong>intercessisse</strong></span> <span class='ocrx_word' id='word_1_252' title='bbox 1198 2662 1289 2703; x_wconf 81' lang='lat' dir='ltr'><strong>anuos</strong></span> 
     </span>
     <span class='ocr_line' id='line_1_30' title="bbox 247 2726 1289 2805; baseline -0.003 -20"><span class='ocrx_word' id='word_1_253' title='bbox 247 2735 326 2786; x_wconf 84' lang='lat' dir='ltr'><strong>cvii.</strong></span> <span class='ocrx_word' id='word_1_254' title='bbox 336 2730 415 2804; x_wconf 89' lang='lat' dir='ltr'><strong>quod</strong></span> <span class='ocrx_word' id='word_1_255' title='bbox 428 2747 497 2784; x_wconf 90' lang='lat' dir='ltr'><strong>sane</strong></span> <span class='ocrx_word' id='word_1_256' title='bbox 510 2747 610 2785; x_wconf 88' lang='lat' dir='ltr'><strong>verum</strong></span> <span class='ocrx_word' id='word_1_257' title='bbox 624 2747 759 2785; x_wconf 90' lang='lat' dir='ltr'><strong>essenon</strong></span> <span class='ocrx_word' id='word_1_258' title='bbox 774 2738 871 2805; x_wconf 88' lang='lat' dir='ltr'><strong>potest</strong></span> <span class='ocrx_word' id='word_1_259' title='bbox 879 2752 888 2798; x_wconf 79' lang='lat'>3</span> <span class='ocrx_word' id='word_1_260' title='bbox 911 2747 979 2784; x_wconf 89' lang='lat' dir='ltr'><strong>nam</strong></span> <span class='ocrx_word' id='word_1_261' title='bbox 994 2726 1030 2783; x_wconf 86' lang='lat' dir='ltr'><strong>ab</strong></span> <span class='ocrx_word' id='word_1_262' title='bbox 1044 2745 1123 2785; x_wconf 88' lang='lat' dir='ltr'><strong>anno</strong></span> <span class='ocrx_word' id='word_1_263' title='bbox 1137 2738 1289 2784; x_wconf 72' lang='lat' dir='ltr'><strong>cccxxvi.</strong></span> 
     </span>
     <span class='ocr_line' id='line_1_31' title="bbox 244 2808 1290 2875; baseline -0.001 -10"><span class='ocrx_word' id='word_1_264' title='bbox 244 2808 292 2865; x_wconf 88' lang='lat' dir='ltr'><strong>vel</strong></span> <span class='ocrx_word' id='word_1_265' title='bbox 303 2826 460 2866; x_wconf 79' lang='lat' dir='ltr'><strong>cccxxrrr.</strong></span> <span class='ocrx_word' id='word_1_266' title='bbox 471 2818 521 2863; x_wconf 89' lang='lat' dir='ltr'><strong>aut</strong></span> <span class='ocrx_word' id='word_1_267' title='bbox 534 2825 684 2866; x_wconf 82' lang='lat' dir='ltr'><strong>chxxlv.</strong></span> <span class='ocrx_word' id='word_1_268' title='bbox 696 2810 733 2865; x_wconf 90' lang='lat' dir='ltr'><strong>ad</strong></span> <span class='ocrx_word' id='word_1_269' title='bbox 743 2828 851 2865; x_wconf 89' lang='lat' dir='ltr'><strong>annum</strong></span> <span class='ocrx_word' id='word_1_270' title='bbox 864 2825 1035 2867; x_wconf 72' lang='lat' dir='ltr'><strong>ccccxxvi.</strong></span> <span class='ocrx_word' id='word_1_271' title='bbox 1049 2826 1109 2864; x_wconf 90' lang='lat' dir='ltr'><strong>uon</strong></span> <span class='ocrx_word' id='word_1_272' title='bbox 1121 2814 1290 2875; x_wconf 66' lang='lat' dir='ltr'><strong>centum-et</strong></span> 
     </span>
     <span class='ocr_line' id='line_1_32' title="bbox 246 2887 1290 2966; baseline -0.001 -20"><span class='ocrx_word' id='word_1_273' title='bbox 246 2899 357 2966; x_wconf 84' lang='lat' dir='ltr'><strong>septem</strong></span> <span class='ocrx_word' id='word_1_274' title='bbox 375 2891 465 2957; x_wconf 86' lang='lat' dir='ltr'><strong>anni;</strong></span> <span class='ocrx_word' id='word_1_275' title='bbox 488 2888 539 2943; x_wconf 90' lang='lat' dir='ltr'><strong>sed</strong></span> <span class='ocrx_word' id='word_1_276' title='bbox 557 2899 673 2944; x_wconf 88' lang='lat' dir='ltr'><strong>centum</strong></span> <span class='ocrx_word' id='word_1_277' title='bbox 691 2889 904 2956; x_wconf 87' lang='lat' dir='ltr'><strong>tantummodo,</strong></span> <span class='ocrx_word' id='word_1_278' title='bbox 922 2888 967 2944; x_wconf 88' lang='lat' dir='ltr'><strong>vel</strong></span> <span class='ocrx_word' id='word_1_279' title='bbox 987 2905 1058 2946; x_wconf 85' lang='lat' dir='ltr'><strong>cnr.</strong></span> <span class='ocrx_word' id='word_1_280' title='bbox 1072 2897 1123 2956; x_wconf 80' lang='lat' dir='ltr'><strong>aut</strong></span> <span class='ocrx_word' id='word_1_281' title='bbox 1139 2887 1290 2955; x_wconf 62' lang='lat' dir='ltr'><strong>cst-anni</strong></span> 
     </span>
     <span class='ocr_line' id='line_1_33' title="bbox 246 2969 1243 3045; baseline -0.001 -18"><span class='ocrx_word' id='word_1_282' title='bbox 246 2969 403 3027; x_wconf 89' lang='lat' dir='ltr'><strong>secundum</strong></span> <span class='ocrx_word' id='word_1_283' title='bbox 418 2969 509 3024; x_wconf 87' lang='lat' dir='ltr'><strong>varias</strong></span> <span class='ocrx_word' id='word_1_284' title='bbox 524 2970 741 3045; x_wconf 89' lang='lat' dir='ltr'><strong>supputationes</strong></span> <span class='ocrx_word' id='word_1_285' title='bbox 756 2970 844 3026; x_wconf 91' lang='lat' dir='ltr'><strong>modo</strong></span> <span class='ocrx_word' id='word_1_286' title='bbox 857 2978 1030 3026; x_wconf 89' lang='lat' dir='ltr'><strong>memoratas</strong></span> <span class='ocrx_word' id='word_1_287' title='bbox 1044 2977 1243 3026; x_wconf 73' lang='lat' dir='ltr'><strong>numerantem.</strong></span> 
     </span>
     <span class='ocr_line' id='line_1_34' title="bbox 286 3046 1290 3125; baseline -0.001 -19"><span class='ocrx_word' id='word_1_288' title='bbox 286 3050 379 3106; x_wconf 90' lang='lat' dir='ltr'><strong>Porro</strong></span> <span class='ocrx_word' id='word_1_289' title='bbox 400 3067 527 3125; x_wconf 88' lang='lat' dir='ltr'><strong>quonam</strong></span> <span class='ocrx_word' id='word_1_290' title='bbox 547 3049 637 3106; x_wconf 91' lang='lat' dir='ltr'><strong>Probi</strong></span> <span class='ocrx_word' id='word_1_291' title='bbox 658 3049 791 3106; x_wconf 81' lang='lat' dir='ltr'><strong>nuncid</strong></span> <span class='ocrx_word' id='word_1_292' title='bbox 815 3050 961 3118; x_wconf 90' lang='lat' dir='ltr'><strong>acciderit,</strong></span> <span class='ocrx_word' id='word_1_293' title='bbox 984 3067 1021 3106; x_wconf 88' lang='lat' dir='ltr'><strong>ex</strong></span> <span class='ocrx_word' id='word_1_294' title='bbox 1039 3047 1171 3105; x_wconf 86' lang='lat' dir='ltr'><strong>Eusebio</strong></span> <span class='ocrx_word' id='word_1_295' title='bbox 1192 3046 1290 3123; x_wconf 66' lang='lat' dir='ltr'><strong>colligi</strong></span> 
     </span>
     <span class='ocr_line' id='line_1_35' title="bbox 245 3128 1289 3210; baseline -0.002 -23"><span class='ocrx_word' id='word_1_296' title='bbox 245 3139 354 3210; x_wconf 87' lang='lat' dir='ltr'><strong>potest,</strong></span> <span class='ocrx_word' id='word_1_297' title='bbox 370 3131 419 3205; x_wconf 91' lang='lat' dir='ltr'><strong>qui</strong></span> <span class='ocrx_word' id='word_1_298' title='bbox 433 3131 463 3185; x_wconf 91' lang='lat' dir='ltr'><strong>in</strong></span> <span class='ocrx_word' id='word_1_299' title='bbox 477 3129 624 3186; x_wconf 91' lang='lat' dir='ltr'><strong>Chronico</strong></span> <span class='ocrx_word' id='word_1_300' title='bbox 638 3130 679 3185; x_wconf 92' lang='lat' dir='ltr'><strong>sic</strong></span> <span class='ocrx_word' id='word_1_301' title='bbox 699 3130 734 3186; x_wconf 91' lang='lat' dir='ltr'><strong>de</strong></span> <span class='ocrx_word' id='word_1_302' title='bbox 753 3128 984 3186; x_wconf 82' lang='lat' dir='ltr'><strong>Manichaeorum</strong></span> <span class='ocrx_word' id='word_1_303' title='bbox 1003 3130 1094 3185; x_wconf 86' lang='lat' dir='ltr'><strong>initiis</strong></span> <span class='ocrx_word' id='word_1_304' title='bbox 1113 3128 1289 3196; x_wconf 78' lang='lat' dir='ltr'><strong>scribit,.8c·</strong></span> 
     </span>
     <span class='ocr_line' id='line_1_36' title="bbox 245 3208 1291 3285; baseline -0.004 -15"><span class='ocrx_word' id='word_1_305' title='bbox 245 3214 334 3270; x_wconf 77' lang='lat' dir='ltr'><strong>mado</strong></span> <span class='ocrx_word' id='word_1_306' title='bbox 355 3230 426 3268; x_wconf 81' lang='lat' dir='ltr'><strong>anno</strong></span> <span class='ocrx_word' id='word_1_307' title='bbox 447 3211 531 3267; x_wconf 82' lang='lat' dir='ltr'><strong>Probi</strong></span> <span class='ocrx_word' id='word_1_308' title='bbox 546 3209 632 3284; x_wconf 81' lang='lat' dir='ltr'><strong>jacta</strong></span> <span class='ocrx_word' id='word_1_309' title='bbox 652 3211 832 3277; x_wconf 74' lang='lat' dir='ltr'><strong>Antiocheam</strong></span> <span class='ocrx_word' id='word_1_310' title='bbox 854 3227 991 3266; x_wconf 87' lang='lat' dir='ltr'><strong>cccxxv.</strong></span> <span class='ocrx_word' id='word_1_311' title='bbox 1012 3228 1100 3266; x_wconf 78' lang='lat' dir='ltr'><strong>nohas</strong></span> <span class='ocrx_word' id='word_1_312' title='bbox 1114 3208 1189 3285; x_wconf 80' lang='lat' dir='ltr'><strong>fuit,</strong></span> <span class='ocrx_word' id='word_1_313' title='bbox 1207 3208 1291 3282; x_wconf 75' lang='lat' dir='ltr'><strong>justa</strong></span> 
     </span>
     <span class='ocr_line' id='line_1_37' title="bbox 251 3288 1291 3368; baseline -0.005 -17"><span class='ocrx_word' id='word_1_314' title='bbox 251 3295 346 3368; x_wconf 77' lang='lat' dir='ltr'><strong>Tyrios</strong></span> <span class='ocrx_word' id='word_1_315' title='bbox 369 3293 531 3349; x_wconf 68' lang='lat' dir='ltr'><strong>escuacol</strong></span> <span class='ocrx_word' id='word_1_316' title='bbox 553 3309 666 3350; x_wconf 85' lang='lat' dir='ltr'><strong>occur.</strong></span> <span class='ocrx_word' id='word_1_317' title='bbox 684 3293 829 3348; x_wconf 81' lang='lat' dir='ltr'><strong>secandum</strong></span> <span class='ocrx_word' id='word_1_318' title='bbox 851 3293 1000 3366; x_wconf 71' lang='lat' dir='ltr'><strong>quosdam,⁸</strong></span> <span class='ocrx_word' id='word_1_319' title='bbox 1017 3288 1104 3363; x_wconf 76' lang='lat' dir='ltr'><strong>jueta</strong></span> <span class='ocrx_word' id='word_1_320' title='bbox 1123 3288 1291 3347; x_wconf 68' lang='lat' dir='ltr'><strong>Laodiceam</strong></span> 
     </span>
     <span class='ocr_line' id='line_1_38' title="bbox 247 3368 1289 3446; baseline -0.004 -16"><span class='ocrx_word' id='word_1_321' title='bbox 247 3390 419 3430; x_wconf 82' lang='lat' dir='ltr'><strong>ccccxxrv.</strong></span> <span class='ocrx_word' id='word_1_322' title='bbox 433 3371 517 3444; x_wconf 80' lang='lat' dir='ltr'><strong>justa</strong></span> <span class='ocrx_word' id='word_1_323' title='bbox 530 3375 679 3430; x_wconf 82' lang='lat' dir='ltr'><strong>Edessenos</strong></span> <span class='ocrx_word' id='word_1_324' title='bbox 693 3388 935 3429; x_wconf 79' lang='lat' dir='ltr'><strong>ccccuxxxvrrr.</strong></span> <span class='ocrx_word' id='word_1_325' title='bbox 953 3372 1009 3446; x_wconf 86' lang='lat' dir='ltr'><strong>(ita</strong></span> <span class='ocrx_word' id='word_1_326' title='bbox 1024 3371 1102 3427; x_wconf 89' lang='lat' dir='ltr'><strong>euim</strong></span> <span class='ocrx_word' id='word_1_327' title='bbox 1118 3371 1229 3445; x_wconf 74' lang='lat' dir='ltr'><strong>corrigi</strong></span> <span class='ocrx_word' id='word_1_328' title='bbox 1240 3368 1289 3426; x_wconf 86' lang='lat' dir='ltr'><strong>ds·</strong></span> 
     </span>
     <span class='ocr_line' id='line_1_39' title="bbox 246 3449 1291 3530; baseline -0.005 -19"><span class='ocrx_word' id='word_1_329' title='bbox 246 3453 298 3511; x_wconf 91' lang='lat' dir='ltr'><strong>bet</strong></span> <span class='ocrx_word' id='word_1_330' title='bbox 315 3453 439 3510; x_wconf 89' lang='lat' dir='ltr'><strong>Pontaci</strong></span> <span class='ocrx_word' id='word_1_331' title='bbox 460 3454 557 3520; x_wconf 89' lang='lat' dir='ltr'><strong>editio,</strong></span> <span class='ocrx_word' id='word_1_332' title='bbox 572 3455 602 3510; x_wconf 92' lang='lat' dir='ltr'><strong>in</strong></span> <span class='ocrx_word' id='word_1_333' title='bbox 621 3473 679 3529; x_wconf 87' lang='lat' dir='ltr'><strong>qua</strong></span> <span class='ocrx_word' id='word_1_334' title='bbox 697 3471 845 3530; x_wconf 84' lang='lat' dir='ltr'><strong>perperam</strong></span> <span class='ocrx_word' id='word_1_335' title='bbox 866 3452 971 3527; x_wconf 86' lang='lat' dir='ltr'><strong>legitur</strong></span> <span class='ocrx_word' id='word_1_336' title='bbox 989 3450 1199 3524; x_wconf 76' lang='lat' dir='ltr'><strong>ccccxxxsx.)</strong></span> <span class='ocrx_word' id='word_1_337' title='bbox 1207 3449 1291 3522; x_wconf 65' lang='lat' dir='ltr'><strong>jeshu</strong></span> 
     </span>
     <span class='ocr_line' id='line_1_40' title="bbox 246 3533 1292 3599; baseline -0.006 -6"><span class='ocrx_word' id='word_1_338' title='bbox 246 3536 420 3592; x_wconf 77' lang='lat' dir='ltr'><strong>Ascalohitos</strong></span> <span class='ocrx_word' id='word_1_339' title='bbox 434 3551 590 3599; x_wconf 78' lang='lat' dir='ltr'><strong>ccccxxx.</strong></span> <span class='ocrx_word' id='word_1_340' title='bbox 624 3536 726 3591; x_wconf 80' lang='lat' dir='ltr'><strong>insano</strong></span> <span class='ocrx_word' id='word_1_341' title='bbox 741 3534 958 3590; x_wconf 70' lang='lat' dir='ltr'><strong>Manichaeorum</strong></span> <span class='ocrx_word' id='word_1_342' title='bbox 978 3533 1133 3589; x_wconf 68' lang='lat' dir='ltr'><strong>heroisin</strong></span> <span class='ocrx_word' id='word_1_343' title='bbox 1153 3545 1292 3588; x_wconf 69' lang='lat' dir='ltr'><strong>casnm</strong></span> 
     </span>
     <span class='ocr_line' id='line_1_41' title="bbox 247 3609 1291 3689; baseline -0.007 -16"><span class='ocrx_word' id='word_1_344' title='bbox 247 3617 360 3674; x_wconf 76' lang='lat' dir='ltr'><strong>hamam</strong></span> <span class='ocrx_word' id='word_1_345' title='bbox 372 3616 477 3689; x_wconf 79' lang='lat' dir='ltr'><strong>gesseris</strong></span> <span class='ocrx_word' id='word_1_346' title='bbox 489 3617 593 3672; x_wconf 84' lang='lat' dir='ltr'><strong>malum</strong></span> <span class='ocrx_word' id='word_1_347' title='bbox 607 3623 709 3673; x_wconf 68' lang='lat' dir='ltr'><strong>eurota.</strong></span> <span class='ocrx_word' id='word_1_348' title='bbox 752 3614 825 3683; x_wconf 69' lang='lat' dir='ltr'><strong>Hac</strong></span> <span class='ocrx_word' id='word_1_349' title='bbox 840 3624 936 3671; x_wconf 84' lang='lat' dir='ltr'><strong>autem</strong></span> <span class='ocrx_word' id='word_1_350' title='bbox 955 3610 1075 3670; x_wconf 83' lang='lat' dir='ltr'><strong>Eusebii</strong></span> <span class='ocrx_word' id='word_1_351' title='bbox 1088 3609 1178 3668; x_wconf 77' lang='lat' dir='ltr'><strong>verba</strong></span> <span class='ocrx_word' id='word_1_352' title='bbox 1191 3611 1235 3667; x_wconf 85' lang='lat' dir='ltr'><strong>its</strong></span> <span class='ocrx_word' id='word_1_353' title='bbox 1246 3611 1291 3666; x_wconf 88' lang='lat' dir='ltr'><strong>ln·</strong></span> 
     </span>
     <span class='ocr_line' id='line_1_42' title="bbox 247 3692 1292 3772; baseline -0.004 -19"><span class='ocrx_word' id='word_1_354' title='bbox 247 3695 405 3770; x_wconf 87' lang='lat' dir='ltr'><strong>telligenda</strong></span> <span class='ocrx_word' id='word_1_355' title='bbox 419 3704 497 3762; x_wconf 90' lang='lat' dir='ltr'><strong>sunt,</strong></span> <span class='ocrx_word' id='word_1_356' title='bbox 512 3705 544 3751; x_wconf 88' lang='lat' dir='ltr'><strong>ot</strong></span> <span class='ocrx_word' id='word_1_357' title='bbox 558 3714 617 3752; x_wconf 93' lang='lat' dir='ltr'><strong>non</strong></span> <span class='ocrx_word' id='word_1_358' title='bbox 632 3705 701 3751; x_wconf 79' lang='lat' dir='ltr'><strong>tirno</strong></span> <span class='ocrx_word' id='word_1_359' title='bbox 715 3695 839 3772; x_wconf 89' lang='lat' dir='ltr'><strong>primum</strong></span> <span class='ocrx_word' id='word_1_360' title='bbox 852 3694 1082 3751; x_wconf 76' lang='lat' dir='ltr'><strong>Manichaeorum</strong></span> <span class='ocrx_word' id='word_1_361' title='bbox 1095 3692 1213 3749; x_wconf 78' lang='lat' dir='ltr'><strong>haeresis</strong></span> <span class='ocrx_word' id='word_1_362' title='bbox 1227 3698 1292 3749; x_wconf 82' lang='lat' dir='ltr'><strong>crta</strong></span> 
     </span>
     <span class='ocr_line' id='line_1_43' title="bbox 162 3770 1291 3853; baseline -0.004 -18"><span class='ocrx_word' id='word_1_363' title='bbox 162 3774 165 3781; x_wconf 78' lang='grc'><em>’</em></span> <span class='ocrx_word' id='word_1_364' title='bbox 248 3777 351 3846; x_wconf 83' lang='lat' dir='ltr'><strong>fuerit;</strong></span> <span class='ocrx_word' id='word_1_365' title='bbox 370 3775 432 3853; x_wconf 90' lang='lat' dir='ltr'><strong>jam</strong></span> <span class='ocrx_word' id='word_1_366' title='bbox 447 3777 523 3832; x_wconf 87' lang='lat' dir='ltr'><strong>enim</strong></span> <span class='ocrx_word' id='word_1_367' title='bbox 538 3775 574 3833; x_wconf 91' lang='lat' dir='ltr'><strong>ab</strong></span> <span class='ocrx_word' id='word_1_368' title='bbox 588 3774 797 3853; x_wconf 85' lang='lat' dir='ltr'><strong>Apostolorum</strong></span> <span class='ocrx_word' id='word_1_369' title='bbox 809 3775 901 3842; x_wconf 85' lang='lat' dir='ltr'><strong>ferme</strong></span> <span class='ocrx_word' id='word_1_370' title='bbox 915 3772 1093 3852; x_wconf 86' lang='lat' dir='ltr'><strong>temporibus</strong></span> <span class='ocrx_word' id='word_1_371' title='bbox 1108 3770 1291 3848; x_wconf 72' lang='lat' dir='ltr'><strong>qnonundsn</strong></span> 
     </span>
     <span class='ocr_line' id='line_1_44' title="bbox 247 3850 1292 3923; baseline -0.006 -8"><span class='ocrx_word' id='word_1_372' title='bbox 247 3865 359 3915; x_wconf 88' lang='lat' dir='ltr'><strong>mentes</strong></span> <span class='ocrx_word' id='word_1_373' title='bbox 380 3855 428 3912; x_wconf 91' lang='lat' dir='ltr'><strong>ille</strong></span> <span class='ocrx_word' id='word_1_374' title='bbox 449 3856 573 3912; x_wconf 82' lang='lat' dir='ltr'><strong>nefarius</strong></span> <span class='ocrx_word' id='word_1_375' title='bbox 595 3875 675 3913; x_wconf 85' lang='lat' dir='ltr'><strong>error</strong></span> <span class='ocrx_word' id='word_1_376' title='bbox 695 3857 849 3923; x_wconf 83' lang='lat' dir='ltr'><strong>invaserat,</strong></span> <span class='ocrx_word' id='word_1_377' title='bbox 864 3867 896 3913; x_wconf 93' lang='lat' dir='ltr'><strong>ut</strong></span> <span class='ocrx_word' id='word_1_378' title='bbox 915 3874 952 3912; x_wconf 82' lang='lat' dir='ltr'><strong>ex</strong></span> <span class='ocrx_word' id='word_1_379' title='bbox 969 3850 1113 3911; x_wconf 82' lang='lat' dir='ltr'><strong>Archelao</strong></span> <span class='ocrx_word' id='word_1_380' title='bbox 1128 3861 1249 3921; x_wconf 81' lang='lat' dir='ltr'><strong>nostro,</strong></span> <span class='ocrx_word' id='word_1_381' title='bbox 1263 3859 1292 3909; x_wconf 81' lang='lat' dir='ltr'><strong>et</strong></span> 
     </span>
     <span class='ocr_line' id='line_1_45' title="bbox 247 3934 1293 4017; baseline -0.005 -21"><span class='ocrx_word' id='word_1_382' title='bbox 247 3937 415 4017; x_wconf 81' lang='lat' dir='ltr'><strong>Epiphanio</strong></span> <span class='ocrx_word' id='word_1_383' title='bbox 429 3936 519 4011; x_wconf 89' lang='lat' dir='ltr'><strong>liquet</strong></span> <span class='ocrx_word' id='word_1_384' title='bbox 530 3962 539 4007; x_wconf 79' lang='lat'>3</span> <span class='ocrx_word' id='word_1_385' title='bbox 558 3937 607 3993; x_wconf 87' lang='lat' dir='ltr'><strong>sed</strong></span> <span class='ocrx_word' id='word_1_386' title='bbox 621 3937 698 4012; x_wconf 90' lang='lat' dir='ltr'><strong>quod</strong></span> <span class='ocrx_word' id='word_1_387' title='bbox 711 3944 781 3993; x_wconf 90' lang='lat' dir='ltr'><strong>tunc</strong></span> <span class='ocrx_word' id='word_1_388' title='bbox 794 3938 919 4015; x_wconf 86' lang='lat' dir='ltr'><strong>primum</strong></span> <span class='ocrx_word' id='word_1_389' title='bbox 931 3934 1052 3992; x_wconf 80' lang='lat' dir='ltr'><strong>Meneta</strong></span> <span class='ocrx_word' id='word_1_390' title='bbox 1064 3934 1199 3990; x_wconf 83' lang='lat' dir='ltr'><strong>haeresim</strong></span> <span class='ocrx_word' id='word_1_391' title='bbox 1213 3942 1293 3991; x_wconf 80' lang='lat' dir='ltr'><strong>vste-</strong></span> 
     </span>
     <span class='ocr_line' id='line_1_46' title="bbox 249 4012 1293 4097; baseline -0.006 -22"><span class='ocrx_word' id='word_1_392' title='bbox 249 4037 310 4075; x_wconf 89' lang='lat' dir='ltr'><strong>rem</strong></span> <span class='ocrx_word' id='word_1_393' title='bbox 324 4018 480 4097; x_wconf 86' lang='lat' dir='ltr'><strong>pervarias</strong></span> <span class='ocrx_word' id='word_1_394' title='bbox 495 4015 623 4073; x_wconf 84' lang='lat' dir='ltr'><strong>Orientis</strong></span> <span class='ocrx_word' id='word_1_395' title='bbox 644 4018 776 4092; x_wconf 83' lang='lat' dir='ltr'><strong>regiones</strong></span> <span class='ocrx_word' id='word_1_396' title='bbox 798 4015 1013 4083; x_wconf 86' lang='lat' dir='ltr'><strong>disseminante,</strong></span> <span class='ocrx_word' id='word_1_397' title='bbox 1028 4014 1103 4070; x_wconf 82' lang='lat' dir='ltr'><strong>etin</strong></span> <span class='ocrx_word' id='word_1_398' title='bbox 1115 4012 1293 4080; x_wconf 72' lang='lat' dir='ltr'><strong>Archelaum</strong></span> 
     </span>
     <span class='ocr_line' id='line_1_47' title="bbox 249 4092 1295 4176; baseline -0.004 -21"><span class='ocrx_word' id='word_1_399' title='bbox 249 4098 326 4156; x_wconf 89' lang='lat' dir='ltr'><strong>forte</strong></span> <span class='ocrx_word' id='word_1_400' title='bbox 345 4097 501 4164; x_wconf 84' lang='lat' dir='ltr'><strong>incidente,</strong></span> <span class='ocrx_word' id='word_1_401' title='bbox 516 4096 565 4173; x_wconf 89' lang='lat' dir='ltr'><strong>qui</strong></span> <span class='ocrx_word' id='word_1_402' title='bbox 578 4116 678 4154; x_wconf 90' lang='lat' dir='ltr'><strong>omncs</strong></span> <span class='ocrx_word' id='word_1_403' title='bbox 696 4092 759 4174; x_wconf 86' lang='lat' dir='ltr'><strong>ejus</strong></span> <span class='ocrx_word' id='word_1_404' title='bbox 778 4105 864 4164; x_wconf 66' lang='lat' dir='ltr'><strong>arses,</strong></span> <span class='ocrx_word' id='word_1_405' title='bbox 880 4115 914 4153; x_wconf 86' lang='lat' dir='ltr'><strong>ae</strong></span> <span class='ocrx_word' id='word_1_406' title='bbox 927 4108 1038 4152; x_wconf 78' lang='lat' dir='ltr'><strong>errores</strong></span> <span class='ocrx_word' id='word_1_407' title='bbox 1051 4092 1231 4176; x_wconf 82' lang='lat' dir='ltr'><strong>disputando</strong></span> <span class='ocrx_word' id='word_1_408' title='bbox 1244 4094 1295 4151; x_wconf 86' lang='lat' dir='ltr'><strong>ds·</strong></span> 
     </span>
     <span class='ocr_line' id='line_1_48' title="bbox 250 4174 1297 4257; baseline -0.002 -23"><span class='ocrx_word' id='word_1_409' title='bbox 250 4181 335 4250; x_wconf 85' lang='lat' dir='ltr'><strong>texit,</strong></span> <span class='ocrx_word' id='word_1_410' title='bbox 348 4180 390 4236; x_wconf 83' lang='lat' dir='ltr'><strong>ita</strong></span> <span class='ocrx_word' id='word_1_411' title='bbox 409 4180 439 4235; x_wconf 90' lang='lat' dir='ltr'><strong>in</strong></span> <span class='ocrx_word' id='word_1_412' title='bbox 460 4187 630 4237; x_wconf 87' lang='lat' dir='ltr'><strong>cunctorum</strong></span> <span class='ocrx_word' id='word_1_413' title='bbox 649 4196 700 4257; x_wconf 88' lang='lat' dir='ltr'><strong>per</strong></span> <span class='ocrx_word' id='word_1_414' title='bbox 718 4177 818 4237; x_wconf 86' lang='lat' dir='ltr'><strong>orbem</strong></span> <span class='ocrx_word' id='word_1_415' title='bbox 836 4176 964 4237; x_wconf 78' lang='lat' dir='ltr'><strong>fidelium</strong></span> <span class='ocrx_word' id='word_1_416' title='bbox 976 4175 1114 4242; x_wconf 83' lang='lat' dir='ltr'><strong>notitiam</strong></span> <span class='ocrx_word' id='word_1_417' title='bbox 1124 4174 1252 4245; x_wconf 77' lang='lat' dir='ltr'><strong>venerit,</strong></span> <span class='ocrx_word' id='word_1_418' title='bbox 1264 4182 1297 4232; x_wconf 88' lang='lat' dir='ltr'><strong>ut</strong></span> 
     </span>
    </p>
   </div>
   <div class='ocr_carea' id='block_1_3' title="bbox 0 0 1350 4740">
    <p class='ocr_par' dir='ltr' id='par_1_3' title="bbox 0 0 1350 4740">
     <span class='ocr_line' id='line_1_49' title="bbox 0 0 1350 4740; baseline 0 0"><span class='ocrx_word' id='word_1_419' title='bbox 0 0 1350 4740; x_wconf 95' lang='lat' dir='ltr'><strong> </strong></span> 
     </span>
    </p>
   </div>
  </div>
 </body>
</html>
