2684 4740
117 132 133 343 ,2

251 305 492 378 ARCHELAI
513 313 570 379 ET
588 310 798 379 MANE'PIS
818 311 1107 379 DISPUTATIO.
1140 326 1200 397 253

117 440 140 567 i*-
154 482 254 541 emm
277 478 425 545 sanare
447 480 617 548 insectarer
641 482 809 560 invenitur,
835 481 1006 547 iudicium
1030 481 1102 545 naee
1128 499 1202 566 per-

117 570 143 663 b
157 582 262 652 mitte
277 587 456 655 discernere
465 614 475 667 3
499 601 536 655 tu
550 603 658 655 autem
674 590 751 676 quid
766 612 898 671 asseras,
913 590 1036 655 dicito?
1059 591 1200 656 Manus

117 694 297 774 anxir,
312 696 349 760 Si
363 719 428 765 non
443 697 564 787 iterum
575 697 692 763 resistis
706 697 769 776 bis,
786 714 858 784 quae
874 721 894 763 a
907 720 960 762 me
977 699 1097 763 iterum
1116 711 1204 763 reete

117 818 133 859 'r-
158 798 331 883 &aaran
356 805 528 890 incipiam·
564 807 803 871 Anctsnnaus
833 823 962 886 n1x1n,
987 807 1021 870 Si
1050 829 1115 871 non
1139 806 1203 872 hoe

117 938 126 965 ¹
159 923 229 990 ut,
248 912 276 978 si
296 936 361 979 non
384 914 476 994 illud,
497 937 603 980 sermo
616 928 666 979 est
679 914 818 980 hominis
832 917 1021 1002 ignorantis.
1066 919 1202 1003 Ignoras

154 1038 247 1106 ,ugo
261 1021 350 1107 quod
364 1024 510 1089 futurum
524 1036 584 1089 eat.
629 1022 693 1089 Sed
706 1023 770 1089 boc
791 1023 881 1110 quod
902 1025 1049 1089 futurum
1068 1024 1127 1104 ais,
1149 1046 1201 1089 re·
1298 1035 1301 1039 ’

122 1190 125 1197 .
160 1124 278 1195 dstote
290 1151 356 1208 me,
370 1144 427 1195 aut
442 1152 506 1195 non
520 1131 682 1211 resistere,
696 1131 729 1195 in
745 1152 817 1194 mea
830 1145 880 1196 est
894 1145 1065 1217 potestate.
1100 1134 1203 1219 ¹Quo·

162 1233 267 1305 modo
288 1239 370 1325 ergo
395 1240 494 1304 stabit
515 1249 623 1325 sermo
646 1238 701 1303 ille
723 1239 858 1304 duarum
882 1240 1048 1319 arborum,
1075 1239 1108 1303 in
1130 1261 1202 1325 ·quo

163 1343 249 1427 fidis,
269 1350 367 1416 veluti
384 1365 489 1418 scuto·
501 1351 705 1417 firmissimo?
745 1351 779 1415 Si
800 1351 887 1414 enim
911 1350 1078 1416 contrariae
1103 1350 1202 1435 partis

162 1483 233 1550 ego
246 1479 331 1538 sum,
348 1460 513 1548 quomodo
535 1459 754 1526 obedientiam
777 1481 883 1524 meam
904 1460 1058 1545 requiris?
1103 1457 1203 1545 Quod

163 1571 193 1635 si
207 1571 401 1636 obedientiae
416 1571 448 1635 in
463 1593 515 1636 me
530 1583 579 1636 est
593 1593 695 1650 mens,
707 1569 875 1657 quomodo
889 1569 1086 1655 pertimescis
1099 1589 1139 1632 ne
1151 1590 1202 1632 re·

162 1680 301 1746 sistam?
322 1681 384 1746 Ais
397 1681 481 1745 enim
500 1681 574 1766 quia
589 1679 709 1744 maium
731 1700 863 1764 semper·
880 1691 1046 1763 permanet
1067 1675 1203 1755 malum,

162 1799 199 1850 et
213 1785 335 1851 bonurn
353 1808 477 1872 semper
496 1798 663 1871 permanet
681 1785 819 1863 bonum,
842 1784 904 1847 vim
927 1783 1013 1847 verbi
1034 1782 1125 1847 istius
1148 1803 1205 1868 pe-

164 1894 253 1960 nitus
266 1895 455 1981 uignorans.
488 1896 632 1959 Manus.
647 1913 775 1973 n1x1n,
790 1891 949 1979 Nunquid
964 1905 997 1955 te
1011 1891 1203 1957 advocatum

163 2023 312 2067 nieorum
328 2003 461 2067 adhibui
476 2024 673 2080 sermonum,
687 2013 751 2067 ¹ut
769 2001 866 2074 etiam
891 2021 971 2065 meae
991 2001 1132 2065 scientias
1154 2001 1204 2065 in-

163 2110 375 2196 telligentiam
393 2111 565 2196 disponas?
590 2110 710 2195 quippe
730 2110 786 2194 qui
807 2110 935 2194 propria
954 2109 1123 2194 explanare
1139 2131 1203 2175 uon

142 2210 280 2297 'flleaa
296 2219 462 2305 quomodo
476 2219 579 2283 aliena
593 2219 713 2304 poteris
724 2217 904 2304 explicare?
928 2218 1029 2284 Quod
1045 2218 1071 2282 si
1083 2218 1201 2283 victum

157 2322 232 2410 jam
243 2348 281 2391 ae
296 2327 465 2412 profitetur
477 2327 658 2407 Diodorus,
672 2339 750 2393 tunc
769 2326 850 2391 mibi
872 2340 978 2391 tecum
1001 2348 1107 2391 sermo
1124 2347 1202 2390 ¹mo·

155 2434 302 2500 temtor.
345 2437 381 2500 Si
394 2449 503 2501 autem
519 2448 583 2501 stat
598 2436 665 2514 ille,
680 2448 714 2499 et
727 2447 775 2499 ost
794 2434 930 2499 idoneus
953 2436 994 2500 ad
1017 2434 1203 2518 dicendum,

164 2539 274 2609 deame
298 2555 347 2621 tu,
370 2555 406 2627 et
430 2542 498 2607 noli
520 2542 708 2628 perturbare
729 2540 941 2626 substantiam
962 2541 1115 2607 veritatis.
1157 2533 1203 2609 Es

161 2649 251 2716 enim
267 2650 335 2717 ovis
350 2651 464 2729 aliena,
480 2650 626 2715 efficieris
641 2655 750 2713 ta'men
770 2661 883 2734 postea
904 2649 937 2713 in
959 2672 1094 2714 numero
1116 2651 1204 2738 ejus·

160 2754 238 2826 dem
256 2759 379 2844 gregis,
399 2759 510 2824 rsieut
529 2780 590 2823 vox
608 2759 686 2822 Jesu
700 2755 860 2837 ostendit,
883 2756 953 2844 ejus
972 2759 1028 2844 qui
1051 2759 1202 2845 apparuit

163 2863 295 2953 quidem
314 2865 347 2929 in
365 2866 505 2931 bominis
528 2865 648 2951 specie,
674 2885 734 2928 nec
754 2876 863 2927 tamen
884 2864 948 2929 fuit
969 2865 1083 2929 homo.
1128 2866 1204 2932 An·

162 2990 343 3043 cantans
362 2963 491 3052 bins,
505 2975 594 3058 Ergo
610 2995 675 3036 non
688 2983 783 3057 putas
797 2993 872 3036 eum
891 2994 929 3037 ex
949 2973 1056 3039 Maria
1069 2973 1204 3061 Virgine

160 3082 254 3147 ease?
290 3081 432 3147 Manus
450 3103 580 3163 mm,
600 3083 700 3149 Absit
720 3095 757 3147 ut
775 3084 957 3150 Dominum
980 3100 1125 3152 nostrum
1147 3087 1205 3152 Je-

160 3209 236 3260 σιω]
263 3187 429 3255 Christum
457 3195 516 3276 per
543 3191 699 3257 naturalia
724 3190 877 3276 pudenda
902 3194 1045 3257 mulieris
1071 3195 1205 3260 deseen-

160 3294 248 3361 disse
260 3307 276 3343 ²
286 3297 441 3363 confitear
446 3322 456 3376 3
479 3297 548 3384 ipse
561 3297 648 3362 enim
662 3297 881 3372 testimonium
898 3299 965 3378 dat,
980 3299 1112 3384 quiade
1127 3302 1204 3365 sini·

160 3399 224 3468 bus
240 3401 341 3467 Patria
355 3403 531 3468 descendit.
562 3403 715 3489 Et‚²Qui
728 3404 911 3488 meresipit,
926 3405 1035 3491 recipit
1052 3427 1132 3487 eum,
1148 3408 1204 3492 qui
1255 3468 1260 3479 ,

159 3528 212 3585 atae
225 3508 325 3576 misit.
344 3566 347 3571 ,
361 3513 416 3590 Et,
432 3512 527 3576 ³Non
541 3511 727 3596 venifacere
739 3512 932 3578 voluntatem
944 3537 1057 3597 meam,
1073 3515 1125 3581 aed
1137 3517 1205 3600 ejus

158 3615 218 3699 qui
233 3615 318 3681 misit
334 3641 394 3683 me.
429 3621 484 3698 Et,
501 3619 597 3683 “Non
617 3641 686 3683 sum
703 3619 816 3684 missus
833 3620 896 3685 nisi
915 3622 959 3686 ad
978 3645 1045 3689 oves
1061 3624 1204 3710 perditas

193 3829 206 3858 ⁸
222 3826 251 3874 In
264 3827 402 3885 Cannensi,
414 3829 510 3890 ignoras.

189 3907 206 3939 ¹
222 3907 253 3954 ln
263 3907 346 3956 codice
356 3907 481 3958 Casinensi
494 3920 539 3970 est,
549 3921 591 3958 aut
600 3910 679 3970 etiarn,
689 3906 761 3960 lectio
772 3912 940 3976 improbanda.
1041 3911 1044 3915 ’

164 4048 167 4053 Ι
192 3991 214 4032 51
224 3987 375 4046 casinensis,
387 3990 445 4035 sicut
456 4008 497 4037 vos
506 3993 580 4040 Jcsus.
890 4006 893 4012 '

161 4074 167 4090 ·
191 4070 207 4100 ²
224 4069 253 4116 In
264 4069 348 4117 codice
359 4070 485 4119 Casinensi
496 4082 543 4132 est,
554 4073 679 4136 confitetur,
689 4073 780 4122 librarii
790 4089 878 4134 errore,
888 4085 918 4125 ut
926 4077 1009 4140 palam
1019 4088 1065 4127 est.
1160 4093 1163 4097 ·

177 4195 190 4224 ²
204 4197 276 4246 Joau.
287 4199 304 4247 ἰ.
319 4208 358 4248 ts.
369 4209 394 4248 et
404 4201 438 4248 iii.
452 4210 489 4248 la.
560 4203 571 4238 ³
588 4201 686 4252 Mam.
698 4213 738 4252 4ο.
801 4205 817 4239 4
833 4181 906 4265 10an
915 4206 949 4254 vi.
960 4183 1079 4265 ¹stabiae
1090 4220 1131 4257 xv.
1144 4219 1184 4257 aa.
