2684 4740
174 337 217 419 52
361 317 1028 411 ¹concinuntEL113ER1TsNUM.

176 487 228 583 rip,
244 509 337 573 posse
360 489 497 570 fidelem,
517 493 573 578 qui
595 494 756 560 lavacrum
779 519 873 562 suum
896 498 1087 584 ¹integrum
1110 497 1223 578 habet,

178 619 236 660 nec
253 598 294 661 sit
308 598 470 684 bigamus,
484 601 649 687 baptizare
671 604 704 666 in
723 607 910 670 necessitate
924 605 1116 671 infirmitatis
1131 607 1224 692 posi-

172 723 248 791 tum
265 710 533 774 catechumenum
552 737 560 774 z
583 711 629 774 ita
643 726 679 776 ut
694 712 719 776 si
739 713 958 800 supervixerit,
972 715 1014 778 ad
1028 714 1223 801 episcopum

176 841 251 905 eum
281 819 446 905 perducat,
474 834 511 907 ut
537 842 593 907 per
623 844 737 887 manus
768 824 1007 910 impositionem
1036 824 1223 912 tproficere

175 928 289 1014 possit.
976 949 979 954 ’

175 1119 179 1125 ¹
616 1043 778 1108 XXXIX.

218 1162 233 1193 Ζ
246 1148 401 1235 Gentiles,
424 1151 451 1214 si
472 1152 502 1214 in
525 1151 708 1217 infirmitate
731 1153 978 1220 desideraverint
1000 1155 1061 1220 sibi
1082 1177 1224 1221 manum

174 1261 297 1346 imponi
310 1286 320 1340 ;
350 1256 497 1326 siluerit
525 1285 640 1328 eorum
666 1266 840 1352 exaliqua
866 1279 956 1353 parte
981 1267 1044 1331 vita
1068 1266 1223 1347 honesta,
1249 1324 1253 1331 ,

172 1375 297 1460 placuit
310 1374 357 1438 eis
371 1380 502 1440 ma'num
519 1376 653 1464 imponi,
669 1389 702 1441 et
717 1377 783 1441 fieri
799 1377 1009 1442 Christianos.

656 1497 729 1560 XL.

169 1616 193 1659 .·
217 1593 382 1676 Prohiberi
401 1597 534 1682 placuit,
549 1612 586 1662 ut
606 1620 681 1661 cum
705 1598 842 1662 rationes
865 1621 937 1662 suas
957 1598 1121 1685 accipiunt
1139 1620 1222 1685 pos-

172 1730 323 1787 sessores,
337 1708 497 1796 quidquid
511 1709 552 1774 ad
569 1709 697 1794 idolum
712 1708 823 1773 datum
840 1709 947 1788 fuerit,
962 1721 1131 1795 acceptum
1150 1731 1221 1790 non

171 1819 358 1881 areferant:
390 1819 416 1882 si
440 1831 515 1904 post
537 1819 742 1883 interdictum
763 1819 906 1897 fecerint,
926 1840 984 1904 per
1004 1820 1220 1905 quinquennii

168 1928 274 2012 spatia
290 1941 473 2014 temporum
488 1950 507 1991 a
521 1929 750 1993 communione
765 1950 834 1992 esse
849 1927 1026 2023 arcendos.¹

379 2108 383 2114 .
646 2049 738 2112 XLI.

211 2148 391 2225 Admoneri
412 2149 534 2235 placuit
556 2149 677 2229 fideles,
696 2150 786 2214 utin
806 2164 971 2237 quantum¹
984 2150 1121 2237 possint,
1135 2171 1216 2236 pro,-

168 2257 301 2322 hibeant
323 2283 363 2323 ne
385 2259 474 2323 idola
495 2261 528 2323 in
551 2260 702 2325 domibus
725 2260 791 2324 suis
814 2260 973 2324 habeant:
1004 2261 1031 2323 si
1053 2281 1127 2325 vero
1150 2261 1215 2325 vim

168 2381 317 2432 metuunt
338 2392 514 2446 servorum,
532 2369 580 2432 vel
601 2370 722 2455 seipsos
743 2391 841 2454 puros
861 2380 1070 2433 conservent:
1098 2368 1126 2433 si
1147 2391 1212 2432 non

168 2477 312 2560 fecerint,
327 2479 422 2543 alicui
437 2478 630 2561 abecclesia
645 2478 832 2562 habeantur.

634 2596 744 2660 XLII.
1168 2676 1172 2681 ἢ
1203 2664 1207 2671 ,

210 2703 275 2764 Eos
289 2701 344 2786 qui
361 2699 403 2763 ad
419 2699 516 2762 fidem
531 2699 669 2783 primam
683 2696 880 2762 credulitatis
895 2697 1063 2777 accedunt,
1076 2698 1103 2763 si
1115 2698 1211 2764 bonae

168 2810 288 2874 fuerint
305 2808 566 2885 conversationis,
580 2809 663 2872 intra
677 2807 844 2871 biennium
864 2807 986 2893 placuit
1000 2807 1041 2873 ad
1057 2808 1211 2894 baptismi

166 2924 304 3010 gratiam
320 2921 448 2987 admitti
464 2922 603 3000 debere;
626 2920 686 2984 nisi
705 2920 888 2985 infirmitate
903 2921 1117 3006 compellente
1130 2928 1208 2985 coe·

165 3032 251 3117 gerit
267 3031 347 3095 ratio
364 3030 503 3094 velocius
518 3029 684 3102 subvenire
693 3030 901 3116 periclitanti,
916 3030 965 3094 vel
978 3030 1116 3116 gratiam
1133 3051 1209 3115 pos-

166 3141 293 3210 tulanti.
370 3146 373 3151 '

621 3252 748 3316 XLIII.
795 3260 798 3268 '
837 3260 840 3265 '

195 3364 340 3428 -Pravam
358 3362 599 3427 'institutionem
627 3360 790 3424 emendari
819 3360 951 3445 placuit,
976 3359 1072 3448 juxta
1093 3368 1208 3425 arieto-

166 3472 294 3538 ritatem
317 3473 558 3558 scripturarum,
582 3483 617 3535 ut
639 3470 746 3535 cuncti
767 3470 879 3534 bdiem
906 3473 1119 3556 Pentecosoes.
1133 3484 1209 3556 post

167 3583 289 3647 Pascha
309 3583 520 3659 celebremus,
536 3603 600 3644 non
616 3579 907 3666 quadragesimam,
925 3580 984 3645 nisi
1003 3578 1208 3675 quinquages

170 3831 174 3837 Ι
197 3856 210 3883 ¹
224 3850 337 3915 Valasrid.
347 3848 436 3908 Strabo,
450 3849 490 3900 Iit.
501 3850 527 3898 de
539 3849 611 3898 Rebus
623 3844 687 3897 Ecc'l.
699 3865 752 3912 cap.
765 3858 804 3898 26.
822 3850 923 3912 plenum
937 3849 1011 3912 posuit
1016 3859 1059 3911 pro
1071 3848 1176 3913 integro,
1188 3861 1210 3900 et

164 3934 222 3983 male
237 3933 405 3995 Interpretatur,
421 3931 544 3996 Cyprianus
559 3932 621 3998 epist.
633 3942 672 3979 52.
684 3941 706 3976 et
717 3931 828 3979 Parianus
839 3933 901 3993 epist.
912 3942 937 4003 ³3>
954 3934 1057 3995 Integros
1072 3934 1210 3999 speetdotes

163 4025 254 4073 vocant,
267 4012 396 4074 nonlapsos.
431 4067 435 4077 ,
488 4012 570 4059 tMS.
582 4012 674 4074 perfici,
686 4021 711 4058 nt
722 4012 792 4074 infra,
804 4021 909 4074 cap.77.
1000 4013 1208 4080 ‘Ilurcaonum

163 4095 315 4152 Burclrardns,
333 4094 394 4155 libro
406 4094 438 4154 iv.
449 4106 502 4154 cap.
516 4102 556 4141 30.
572 4092 652 4139 tribuit
663 4091 786 4154 Agathensr'
803 4089 906 4140 Concilio.
931 4092 990 4140 Vide
1003 4110 1053 4140 oar.
1066 4101 1089 4140 6.
1110 4092 1208 4163 Consilii
1224 4108 1227 4115 ’

163 4176 252 4224 Ardet.
266 4192 283 4222 r.
358 4173 610 4237 ‘Agnirrainferant
681 4171 804 4235 inguim
814 4172 893 4241 edidit,
903 4173 970 4221 diem
980 4174 1208 4244 Pentecostlesteelej

164 4259 270 4305 bremus.
293 4257 364 4304 Quod
377 4256 418 4317 qui
431 4268 481 4301 non
494 4253 584 4313 lecerit,
596 4254 664 4317 quasi
676 4254 720 4300 &c
