2684 4740
187 276 227 322 ιο
419 214 422 219 ’
522 253 898 328 anuorarmms

179 427 350 515 egregium
364 445 448 514 opus
462 426 569 494 denuo
584 429 670 517 typis
684 429 810 517 abipso
824 429 1040 511 mandaretur,
1054 433 1219 522 fragmen·

178 525 250 580 tum
260 535 336 579 curn
349 515 428 578 orbe
443 513 571 579 erudito
583 516 857 583 communicatum
870 517 993 583 firisset.
1016 521 1132 618 Quum.
1142 543 1219 587 vero

178 600 348 687 ponendus
367 600 410 664 sit
431 612 545 664 auctor
565 599 647 666 inter
666 602 848 701 scriptores,
867 601 923 688 qui
942 604 1036 688 prinu
1057 606 1217 688 omnium,

178 699 315 772 excepto
332 685 441 771 Papia,
456 684 497 749 de
513 685 716 772 evangelistis
731 687 808 772 ipsis
823 685 872 751 vel
885 693 1218 772 commemoraverint,

177 771 229 836 vel
241 772 384 857 ipsorum
400 770 518 855 scripta
529 771 718 836 nominatim
729 771 930 852 adduxerint,
942 775 1008 839 lieri
1019 797 1083 839 non
1095 791 1216 863 potest,

176 856 256 957 quin
274 857 397 944 primus
415 856 467 921 bic
486 855 642 926 librorum
657 857 744 923 Novi
756 859 958 924 Testamenti
971 860 1138 947 catalogus
1154 885 1214 929 cu·

174 965 220 1008 ns
241 943 358 1008 nostris
380 941 497 1028 dignus
517 956 696 1007 censeatur.
739 944 801 1008 Est
821 957 929 1009 tamen
954 946 995 1010 ab
1019 968 1059 1010 eo
1082 947 1214 1027 omissa,

198 1029 264 1093 uod
279 1029 416 1093 multam
432 1040 559 1092 moveat
571 1027 830 1113 admirationem,
840 1029 977 1115 epistola
991 1043 1026 1095 et
1041 1053 1168 1118 semper
1180 1048 1214 1098 et

173 1051 220 1179 bb·
234 1114 385 1178 omnibus
404 1125 544 1200 recepta,
559 1113 646 1198 prior
665 1113 722 1178 illa
740 1115 775 1180 S.
793 1114 890 1194 Petri,
906 1115 946 1180 de
961 1115 1055 1203 cujus
1070 1120 1212 1183 auctori·

172 1213 240 1266 tate
256 1221 386 1264 nemea
400 1199 601 1284 temporibus
615 1220 719 1285 usque
735 1197 901 1286 Polycarpi
915 1213 1014 1287 atque
1030 1202 1135 1300 Papiae
1149 1202 1211 1268 du·

171 1285 295 1351 bitavit.
340 1286 471 1373 istaque
486 1284 571 1348 facta
589 1296 639 1348 est
658 1284 791 1349 omissio
807 1286 848 1349 ab
863 1298 1007 1367 auctore,
1023 1309 1079 1373 qur
1094 1301 1158 1353 tres
1171 1309 1212 1354 ex

171 1384 296 1458 septem
317 1368 543 1456 ἁπιλογομέναις
564 1368 728 1456 scripturis
750 1370 893 1456 agnovit,
910 1370 988 1436 dum
1012 1371 1135 1436 nullum
1158 1373 1209 1437 in·

169 1470 258 1522 terea
271 1456 390 1520 librum
405 1456 492 1534 νόθον,
509 1455 725 1521 unofortasse
739 1468 886 1542 excepto,
900 1455 934 1520 in
947 1478 1106 1521 canonem
1120 1459 1210 1523 Novi

168 1542 369 1608 Testamenti
382 1540 524 1625 admisit.
559 1541 614 1606 De
628 1540 729 1606 altero
745 1562 836 1605 naevo
856 1541 915 1606 illo
935 1542 1020 1608 circa
1033 1542 1209 1609 Basilidem

168 1626 356 1694 baereticum
370 1626 459 1714 apud
473 1648 548 1691 eum
563 1626 718 1692 existente
727 1625 799 1713 jam
814 1626 903 1691 dixi.

211 1714 406 1799 Nuperrime
421 1722 507 1791 vero,
520 1733 596 1777 cum
616 1711 766 1776 dixissem
782 1712 823 1775 ad
837 1733 912 1798 pag.
925 1713 990 1778 xxi.
1008 1713 1208 1779 Praefationis

167 1798 282 1885 Operis
297 1798 374 1876 mei,
390 1797 453 1862 hoc
475 1799 706 1883 Fragmentum
722 1797 762 1862 de
778 1797 911 1862 Canoue
927 1797 1092 1876 distulisse.
1103 1822 1157 1865 me
1171 1800 1207 1864 in

165 1883 311 1949 medium
325 1881 497 1962 adducere,
509 1894 679 1969 propterea
690 1881 777 1968 quod
791 1882 962 1948 novissima
975 1883 1123 1970 ejusdem
1137 1884 1206 1949 edi·

164 1971 213 2036 tio
236 1968 380 2035 nondum
403 1967 446 2032 ad
470 1989 584 2033 manus
633 1968 811 2033 ervenisset-
828 1989 929 2047 meas,
954 1969 1141 2034 transmissa
1165 1980 1206 2035 ex

165 2054 341 2119 Germania
365 2052 446 2118 mihi
468 2065 518 2118 est
539 2075 560 2117 o
601 1988 646 2120 lla
669 2075 690 2116 a
708 2052 775 2118 viro
797 2053 898 2118 nobili
918 2075 1052 2165 peregre
1075 2069 1205 2140 agente,

164 2144 247 2226 quae·
261 2155 336 2205 ante
359 2139 463 2204 Lincii
486 2160 546 2225 pro
570 2138 655 2202 ierat.
672 2153 758 2202 anno
782 2152 868 2220 1802.
891 2161 966 2203 cum
991 2143 1204 2218 commenta·

162 2227 252 2291 tione
271 2224 430 2290 Francisci
450 2223 642 2296 Freiudaller
657 2223 814 2289 Canonici
829 2237 863 2288 et
876 2225 992 2291 Theol.
1009 2225 1203 2292 Professoris

158 2310 257 2376 ‘Pubt
302 2312 334 2375 ls
347 2309 479 2398 quidem
495 2309 623 2374 nullam<
637 2330 780 2394 usquam.
793 2308 976 2374 Stoscbiani
990 2309 1064 2375 libri
1078 2310 1119 2375 de
1135 2311 1202 2375 Ca·

160 2400 250 2462 none
261 2395 603 2461 commemorationem
618 2394 707 2474 fecit,
722 2407 899 2481 contraque
914 2394 996 2460 Caio
1009 2396 1201 2483 presbytero

160 2480 630 2569 Fragmentumviudicandum
650 2501 720 2544 esse
741 2478 864 2558 statuit,
878 2479 935 2544 ubi
949 2491 1058 2545 tamen
1072 2480 1107 2545 in
1121 2482 1151 2564 ξ.
1168 2494 1198 2545 8.

159 2569 202 2633 ad
215 2589 293 2656 pag.
309 2582 356 2632 13.
375 2567 455 2633 haec·
469 2566 587 2631 habet:
612 2567 706 2630 “Est
725 2587 801 2630 vero
823 2563 1023 2631 simillimum
1040 2565 1200 2631 Collatio·

158 2659 182 2696 “
198 2670 272 2719 nem
286 2652 358 2716 Caii
372 2675 447 2718 cum
464 2652 579 2717 Proclo
592 2651 707 2716 Graece
721 2672 792 2716 esse
805 2649 950 2714 habitam
966 2649 1200 2736 conscriptam-

154 2745 181 2786 t‘
219 2759 271 2802 ue.
314 2735 428 2804 Talem
451 2735 528 2822 quip
552 2757 571 2799 e
593 2756 664 2799 eam
685 2735 794 2820 legere
812 2734 985 2813 Eusebius,
1001 2735 1146 2815 Photius,
1160 2757 1199 2800 ac

158 2830 182 2863 “
190 2761 438 2901 irremotum,
453 2819 510 2906 qui
529 2757 589 2885 lib.
601 2818 647 2884 iii.
669 2818 851 2883 fabularum
874 2817 1096 2886 haereticarum
1120 2842 1198 2886 ean·

157 2915 179 2953 ‘⁴
194 2907 269 2974 dem
282 2909 351 2972 nalal
360 2906 530 2994 Πάτροκλον
541 2902 712 2991 inscripsit.
734 2903 846 2985 Addo,
855 2905 946 2992 quod
956 2905 1114 2985 Valesius,
1124 2928 1198 2971 mo·

156 3001 180 3040 ‘⁴
195 2993 311 3059 mentis
325 2992 414 3058 haud
428 2989 627 3078 spernendis,
644 2989 792 3074 Proclum
813 2989 901 3055 bunc
914 3011 933 3054 e
947 2990 1084 3058 ducibus
1098 3005 1197 3057 sectae

152 3036 179 3123 l‘
194 3077 446 3155 Montanisticae,
461 3077 615 3142 Graecum
627 3074 889 3144 Arietem-fuisse
908 3089 1035 3162 arguat.
1077 3077 1197 3142 ⁴Graece

155 3172 179 3207 “
193 3165 302 3251 itaque
317 3185 394 3229 cum
408 3160 542 3228 homine
555 3160 675 3226 Graeco
690 3159 789 3226 Caius
809 3161 994 3226 contulerit.
1037 3161 1195 3229 Attamen

153 3252 414 3336 “fragmentum
435 3257 582 3313 nostrum
602 3244 711 3311 latinae
729 3244 837 3332 potius
858 3246 990 3333 originis
1005 3247 1128 3346 stylum
1142 3268 1195 3312 sa-

153 3341 175 3376 “
192 3336 251 3422 pit.
295 3335 359 3401 Cui
371 3334 502 3421 quidem
517 3329 698 3397 difficultati
711 3352 750 3396 ea
763 3329 972 3489 εοΙἪόο
991 3344 1116 3400 ratione
1133 3351 1193 3397 oc·

152 3427 175 3465 “
189 3418 337 3498 curreris,
349 3420 376 3485 ei
390 3418 548 3501 latinitate
559 3416 648 3482 illico
662 3414 814 3481 donatam
927 3413 977 3480 dis
1001 3417 1193 3498 ututiouem,

152 3513 176 3548 “
189 3518 246 3571 aut
257 3505 299 3573 ab
309 3505 450 3592 ipsomet
461 3501 544 3568 Caio
555 3503 589 3566 iu
600 3503 820 3568 Romanorum
834 3436 1084 3586 gratiamlatine
1095 3501 1194 3567 simul

152 3597 176 3649 ‘.‘
191 3591 306 3656 dixeris
322 3602 496 3655 exaratam.
540 3588 625 3672 Quae
644 3599 781 3672 utraque
800 3587 951 3685 profecto
971 3584 1193 3734 congesturaa

151 3675 318 3742 “veritate
337 3673 425 3741 haud
448 3673 570 3737 absona
587 3681 647 3736 est.
690 3670 743 3735 Sic
758 3691 842 3735 emm
859 3670 1011 3758 pleraque
1050 3671 1191 3749 ..irenaei

150 3767 173 3807 ‘⁴
182 3782 286 3847 opera
299 3760 332 3824 iu
346 3759 444 3824 latina
457 3755 601 3823 versione
613 3753 846 3841 antiquissima,
858 3776 917 3820 nec
932 3776 998 3820 non
1011 3754 1075 3820 alia
1087 3775 1189 3842 gene·

47 3917 52 3925 ,
150 3853 173 3887 “
189 3845 232 3911 ris
246 3845 344 3911 hu'us
359 3841 595 3932 quamplurima
614 3839 657 3906 ad
676 3861 735 3904 uos
754 3860 857 3938 usque
870 3839 1076 3926 pervenere.''
1103 3841 1189 3905 Haec

150 3930 246 3998 Freiu
310 3951 355 3994 er.
399 3929 527 3993 Interea
547 3946 612 4011 ego
633 3945 674 3990 ex
692 3924 933 4024 vestigirssatis
954 3923 1049 3988 claris
1070 3923 1188 4010 depre-

150 4015 300 4081 hendisse
314 4013 394 4080 mihi
411 4011 521 4078 videor
538 4009 716 4089 hominem,
730 4031 787 4096 qur
800 4010 914 4076 Graece
926 4007 1098 4096 scripserit,
1112 4022 1189 4093 post

149 4101 222 4169 baec
247 4098 368 4166 Latina
381 4098 477 4164 verba
498 4095 663 4174 latentem,
686 4115 727 4159 eo
750 4091 870 4161 iudicio
891 4093 982 4182 quod
1004 4092 1117 4158 eadem
1141 4092 1199 4158 ita.

148 4184 347 4272 gemunt,
365 4195 402 4250 ut
422 4180 521 4248 etiam
541 4202 582 4248 ex
600 4180 656 4247 illa
675 4178 787 4268 lingue
807 4199 895 4247 versa
915 4199 986 4245 esse
1008 4176 1187 4246 videantur.
