2684 4740
250 310 313 382 270
343 292 580 362 secamur
600 294 659 361 nr
679 293 886 362 manens
906 294 1198 365 msrursrro.

248 457 314 530 ficii
338 465 462 551 gratia,
488 465 575 529 solus
600 477 710 530 autem
734 464 888 544 ascendit,
910 463 977 530 bne
1003 464 1078 530 inde
1105 464 1286 552 abaliquo

246 572 390 636 convinci
405 584 528 659 posset,
541 572 629 660 quod
642 573 670 636 si
683 571 925 651 dissimulasset,
938 573 988 637 vel
1000 595 1061 659 pro
1075 573 1177 638 nihilo
1195 572 1282 639 dux·
1331 646 1340 655 ,

239 681 334 759 isset,
357 681 524 777 cogitabat
546 702 581 746 se
598 703 618 745 s
638 680 717 746 veris
733 681 929 767 principibus
943 682 1071 767 cpoenis
1084 702 1155 747 esse
1167 681 1284 746 subdi·

246 807 337 860 tum:
370 794 440 859 haec
468 818 508 860 eo
536 794 712 880 cogitante,
735 793 936 880 justissimus
961 795 1051 858 Deus
1086 794 1148 859 sub
1180 806 1282 858 terres

244 923 320 968 eum
342 901 468 967 detrudi
485 923 542 988 per
563 903 709 989 spiritum
726 902 832 989 jubet,
854 917 888 969 et
912 903 1066 968 continuo
1087 902 1281 967 desummo

244 1007 401 1096 dejectus,
411 1010 557 1075 exanime
569 1033 684 1097 corpus
699 1011 850 1077 deorsum
864 1011 1101 1098 precipitatum
1116 1022 1178 1090 est,
1191 1009 1281 1098 quod

246 1139 326 1183 anus
340 1117 395 1182 illa
406 1119 546 1198 miserta,
559 1120 733 1185 collectum
747 1119 827 1185 locis
843 1120 945 1186 solitis
960 1119 1096 1206 sepeliit.

286 1228 380 1292 LIII.
402 1228 495 1292 Tunc
509 1227 618 1291 omnia
631 1228 697 1307 illa,
713 1241 786 1315 quae
801 1249 911 1292 secum
927 1227 1126 1314 deAEgypto
1135 1226 1279 1314 pertule-
1297 1235 1301 1242 '

243 1349 303 1416 rat,
320 1349 505 1404 manserunt
527 1337 613 1422 apud
634 1360 718 1417 eam,
741 1350 774 1403 et
794 1337 904 1423 gavisa
925 1347 984 1412 est
999 1334 1089 1400 valde
1111 1335 1154 1399 de
1172 1348 1278 1422 morte

243 1446 313 1534 ejus
338 1446 459 1533 duplici
481 1467 589 1524 causa,
614 1447 720 1532 primo
750 1446 837 1532 quod
866 1468 931 1511 non
958 1445 1094 1510 libenter
1119 1443 1278 1530 aspiceret

242 1569 327 1621 artes
348 1555 445 1634 illius,
469 1553 611 1619 secundo
634 1576 693 1640 pro
717 1554 778 1633 his',
800 1577 874 1640 quat
901 1552 941 1618 de
962 1552 1149 1621 haereditate
1173 1553 1277 1617 fuerat

193 1642 197 1654 ⁴
242 1676 434 1741 consecuta3
468 1677 537 1728 erat
566 1662 652 1726 enim
678 1641 820 1729 multum
842 1661 948 1748 pretii.
992 1664 1076 1749 Quae
1106 1682 1182 1726 cum
1209 1661 1277 1726 sols
1317 1678 1320 1686 “

241 1784 337 1850 esset,
353 1765 470 1836 habere
484 1769 624 1857 aliquem
640 1771 681 1837 ad
697 1770 909 1834 ministerium
924 1769 1037 1848 voluit,
1056 1781 1089 1834 et
1108 1790 1275 1855 compars-

241 1879 286 1945 vit
300 1879 361 1944 sibi
374 1878 537 1964 dpuerum
552 1900 709 1954 annorum
723 1879 824 1943 ferme
837 1888 973 1963 septem,
988 1875 1202 1942 eCorbicium
1215 1897 1274 1942 no·
1304 1908 1305 1912 ¹

241 1987 340 2066 mine,
354 2008 450 2072 quem
472 1986 581 2051 statim
604 1987 802 2066 manumisit,
824 1972 862 2050 ac
882 1986 981 2051 literis
1003 1985 1149 2050 erudivit.
1193 1985 1275 2073 Qui·

240 2118 304 2183 que
330 2117 405 2160 cum
431 2094 602 2160 duodecim
629 2118 787 2161 annorum
811 2109 896 2162 esset
920 2096 1065 2174 effectus,
1091 2093 1196 2159 fanus
1219 2093 1273 2160 ills

239 2203 324 2268 diem
341 2203 434 2282 obiit,
449 2202 574 2288 ipsique
588 2203 733 2269 universa
747 2204 833 2269 bons
847 2225 905 2269 sua
917 2202 1060 2282 tradidit,
1073 2215 1107 2268 et
1119 2223 1196 2267 cum
1210 2223 1272 2267 cse-

239 2311 316 2375 teris
330 2310 497 2396 treliquis,
513 2311 611 2375 etiam
628 2323 766 2397 quatuor
784 2312 858 2376 illos
877 2312 1015 2391 libellos,
1037 2333 1118 2399 quos
1141 2310 1273 2398 Scythi-

239 2432 319 2483 anus
340 2417 518 2504 scripserat,
540 2441 606 2485 non
627 2419 806 2484 multorum
825 2441 973 2486 versuum
994 2419 1149 2504 singulos.
1181 2420 1273 2484 Tunc

237 2543 317 2610 ergo
351 2523 532 2604 Corbicius,
571 2527 697 2611 sepulta
731 2526 872 2607 domina,
904 2527 996 2592 bonis
1025 2528 1085 2591 sibi
1114 2526 1274 2592 derelictis

237 2634 387 2700 omnibus
411 2636 459 2700 uti
479 2637 589 2721 coepit,
614 2649 647 2702 et
670 2635 820 2722 migravit
840 2636 881 2702 ad
902 2636 1046 2700 medium
1069 2635 1205 2701 civitatis
1227 2636 1276 2701 lo·

235 2766 322 2826 cum,
344 2746 377 2810 in
399 2768 466 2832 quo
486 2747 636 2812 manebat
654 2748 722 2812 Rex
740 2748 919 2827 Persarum,
939 2761 972 2812 et
990 2755 1191 2811 commutato
1215 2743 1274 2811 sibi

238 2850 377 2935 nomine,
390 2851 525 2915 Manem
540 2852 747 2938 semetipsum
762 2875 822 2940 pro
837 2853 989 2918 Corbicio
1003 2851 1192 2938 appellavit,
1217 2869 1274 2914 nec

1000 3053 1019 3084 N

267 3148 280 3184 b
297 3143 379 3192 Codex
391 3143 527 3192 Catinensis
537 3144 619 3202 habet,
631 3154 656 3192 ut
666 3144 715 3193 inde
728 3145 758 3192 ab
771 3145 847 3210 aliquo
863 3144 965 3192 convinci
978 3143 1054 3206 possit.
1087 3141 1227 3190 Quintius
1239 3149 1275 3189 αἱ

224 3237 296 3290 ,men
311 3238 406 3281 sensus,
422 3238 498 3285 quem
515 3226 689 3292 expressimus,
707 3226 784 3273 verior
801 3234 852 3284 est;
869 3239 929 3273 nam
948 3225 972 3271 id
988 3223 1034 3272 sibi
1054 3221 1108 3269 vult
1126 3221 1274 3278 Archelaus,

235 3302 362 3352 Manetem
380 3302 579 3367 (ferebinthum)
591 3304 682 3362 solum,
694 3304 823 3365 cujusdam
834 3304 945 3365 praestigii
962 3316 1045 3358 causa,
1057 3301 1175 3349 solarium
1190 3313 1274 3348 moen·

236 3382 307 3442 disse,
324 3399 356 3432 ne
367 3399 381 3431 a
392 3384 475 3442 l’srco,
486 3394 510 3431 et
521 3383 630 3432 Labdaco
642 3385 741 3432 Mithrae
753 3383 916 3433 sacerdotibus
927 3383 951 3429 id
960 3383 1036 3443 egisse
1047 3381 1223 3442 deprehensus,
1232 3380 1274 3428 de·

236 3461 297 3511 bites
309 3477 392 3523 poenas
404 3464 529 3512 Persarum
540 3463 600 3525 Regi
612 3463 858 3526 persolveret-cod.
869 3463 924 3510 Vat.
935 3461 1042 3518 ascendit,
1053 3470 1079 3506 ut
1089 3476 1116 3506 ne
1125 3460 1154 3505 ab
1164 3459 1250 3524 alique.

269 3547 279 3571 ‘
293 3543 344 3590 Cod
355 3544 410 3591 Vat.
419 3544 490 3605 poenis
501 3561 543 3590 esse
554 3543 693 3593 subdendum.
721 3542 779 3590 Haee
790 3540 828 3588 illo
839 3543 956 3604 cogitante.
978 3540 1054 3588 Paulo
1065 3550 1127 3601 post,
1139 3538 1166 3586 de
1175 3540 1276 3604 AEgypto

193 3620 378 3682 protulerant.
411 3623 442 3671 Et
460 3638 530 3681 mox,
548 3622 632 3685 duplici
650 3640 678 3671 ex
695 3640 886 3688 cansa—qua
903 3622 1032 3669 hereditate
1044 3621 1128 3684 fuerat
1146 3629 1273 3668 consecuta:

235 3709 285 3746 erat
295 3701 353 3748 enim
363 3700 455 3748 multum
463 3704 564 3766 pecunia
573 3702 654 3750 auida.
686 3702 744 3750 Qua
753 3719 801 3750 cum
811 3712 858 3750 cet·

267 3776 367 3828 *Idem
378 3783 454 3829 codex
456 3781 598 3844 ,puerulum
630 3782 703 3840 Mox,
715 3798 821 3847 quemque
831 3781 916 3829 stator
945 3783 975 3830 Et
983 3779 1057 3843 paulo
1068 3789 1130 3841 post
1142 3778 1260 3828 ostoun.

266 3862 280 3890 θ
300 3858 428 3920 cubricum,
442 3859 543 3927 Kitpsu
554 3863 633 3923 hunc,
646 3876 697 3910 non
711 3861 845 3922 corbicium,
856 3862 947 3910 vobant
955 3861 1070 3924 Cyrillus,
1080 3860 1278 3922 epiphanium

234 3941 285 3989 alti.

210 4041 217 4078 i
293 4021 363 4069 idem
381 4022 435 4070 cod.
453 4037 508 4070 anus
524 4022 560 4070 die
578 4022 630 4084 illu,
646 4040 690 4089 qua
707 4023 771 4081 obiit,
787 4023 880 4087 ipsique,
896 4033 942 4073 cet.
974 4023 1048 4085 Mox,
1064 4021 1150 4069 ceteris
1165 4020 1278 4087 reliqniis.

234 4100 369 4161 Paucisque
380 4102 520 4162 iuterjeetis,
531 4102 555 4150 in
564 4119 610 4168 qua
621 4105 723 4152 manebat
734 4120 774 4151 rex
786 4105 912 4151 Persarum.

265 4186 278 4223 ἵ
295 4184 373 4244 Forte,
385 4182 485 4249 eclipsin
