2684 4740
337 297 485 365 ousta
505 295 631 363 APUD
655 291 977 361 ZENOPHILUM.
1115 308 1174 355 ιιι

145 470 190 537 uia
203 468 333 535 sublata
345 470 417 535 esti
448 465 668 533 Nundinarius
689 464 788 529 dixit:
812 463 879 550 ipsi
900 459 1043 549 episcopi
1063 457 1178 524 divise·

143 593 213 649 ruat
227 601 302 645 eam
317 579 399 644 inter
413 599 459 644 se.
494 573 692 662 Zenophilus
706 574 751 638 V.
762 572 802 638 C.
818 571 995 639 consularis
1007 571 1179 638 Nundina-

142 689 296 760 :iudx-it:
311 688 479 755 Donatum
495 684 655 751 desideras
667 682 828 749 exhiberi?
853 680 1072 748 Nundinarius
1084 679 1181 746 dixit:

143 799 265 886 Utique
280 796 398 876 veniat,
414 796 535 882 dequo
549 791 700 861 clanravit
712 791 850 879 populus
865 791 966 857 biduo
976 803 1050 878 post
1063 789 1182 877 dpare:

141 907 266 974 Exaudi
278 909 386 987 Deus,
401 906 504 971 civem
517 917 663 970 nostrum
677 902 837 968 volumus.
874 899 1075 988 Zenophilua
1087 901 1133 966 V.
1141 899 1181 965 C.

141 1016 321 1083 consularis
334 1014 538 1082 Nundinario
552 1013 650 1080 dixit:
668 1011 767 1076 Certe
777 1009 1007 1076 clamavithoc
1021 1007 1181 1096 populus?

143 1125 346 1214 Respondit:
378 1124 548 1191 Clamavit.
586 1121 785 1208 Zenophilus
805 1122 846 1187 V.
862 1120 901 1185 C.
927 1119 1103 1186 consularis
1125 1120 1185 1183 Sa·

144 1232 275 1304 turnino
291 1235 390 1302 dixit:
407 1233 609 1306 Traditorcur
624 1230 773 1296 clamavit
786 1229 971 1296 Silvanum?
995 1228 1186 1295 Saturninus

144 1344 244 1411 dixit:
261 1344 398 1431 Utique.
426 1341 649 1409 Nundinarius
663 1339 763 1406 dixit:
778 1340 919 1426 Quando
934 1340 1038 1407 factus
1052 1352 1103 1405 est
1116 1339 1186 1426 epi·

145 1477 276 1541 scopus,
291 1475 356 1518 non
376 1453 425 1518 illi
445 1450 766 1529 communicavimus,
781 1449 858 1535 quia
872 1449 1038 1517 dicebatur
1052 1449 1188 1516 traditor

145 1585 228 1629 asse.
265 1562 455 1628 Saturninus
474 1560 573 1626 dixit:
596 1559 696 1647 Quod
718 1557 808 1639 dicit,
829 1568 939 1627 verum
960 1570 1020 1624 est.
1055 1557 1189 1625 Nuntii·

145 1674 256 1738 narius
280 1673 379 1737 dixit:
407 1671 484 1738 Vidi
506 1671 581 1757 quia
604 1672 720 1735 Mutus
743 1669 929 1734 harenarius
953 1668 1031 1734 tulit
1050 1689 1128 1733 cum
1153 1667 1189 1732 in

148 1782 247 1850 collo.
285 1781 545 1867 &nophilusV
560 1780 599 1844 C.
622 1779 798 1843 consularis
820 1778 991 1843 Saturnino
1012 1776 1111 1842 dixit:
1134 1777 1190 1841 Sic

146 1891 270 1957 factum
288 1892 359 1954 est?
384 1889 574 1955 Saturninus
589 1887 688 1953 dixit:
705 1888 768 1953 Sic.
791 1886 991 1973 Zenopbilus
1001 1890 1042 1955 V.
1054 1888 1093 1952 C.
1109 1907 1189 1952 con·

148 1999 264 2064 striari:
284 1998 387 2065 dixit:
412 1999 501 2064 Vera
527 2011 603 2063 sunt
627 1997 737 2063 omnia
762 2019 834 2084 quae
857 1997 935 2063 dicit
956 1997 1191 2078 Nundinarius,

150 2108 227 2195 quia
238 2108 284 2173 ab
299 2107 471 2180 harenariis
486 2107 591 2171 factus
605 2119 656 2176 est
670 2107 838 2193 episcopus
853 2106 1020 2175 Silvanus?
1045 2107 1192 2174 Saturni⁴

148 2239 212 2283 :rus
232 2216 335 2282 dixit:
359 2217 446 2283 Vera
468 2215 690 2305 Nundinarius
711 2215 803 2281 dixit.
823 2216 1013 2302 prostibula:
1034 2217 1100 2282 illic
1119 2211 1192 2283 fue·

148 2338 238 2397 runt.
259 2325 529 2412 ‘ZenophilusV
541 2325 582 2390 C.
596 2324 771 2390 consularis
786 2325 958 2391 Saturnino
972 2324 1071 2391 dixit:
1087 2327 1194 2393 Hare-

148 2435 234 2499 narii
247 2435 337 2499 ilium
353 2437 580 2520 gestaverunt?
608 2433 798 2500 Saturninus
813 2434 912 2500 dixit:
935 2434 1004 2522 ipsi
1017 2448 1093 2521 qim
1105 2435 1194 2499 tule-

150 2555 240 2621 runt,
259 2557 293 2608 et
312 2545 463 2629 populus.
499 2546 586 2609 Nam
610 2545 694 2610 cives
717 2543 750 2607 in
771 2565 845 2608 area
867 2557 1045 2630 martyrum
1064 2544 1196 2610 fuerunt

152 2652 283 2719 inclusi.
326 2653 547 2717 Nundinarius
569 2652 671 2718 dixit:
701 2653 872 2739 Numquid
897 2653 1037 2740 populus
1060 2653 1125 2722 Dei
1148 2652 1196 2722 ibi

149 2761 239 2828 tuit?
268 2762 460 2828 Saturninus
475 2762 575 2829 dixit:
599 2764 727 2827 In‘casa
739 2760 864 2848 majore
879 2763 941 2839 fuit
954 2762 1112 2828 inclusus.¹
1129 2764 1195 2829 Ze·

111 2918 112 2921 =
148 2873 310 2961 uophilus
328 2874 370 2941 V.
388 2876 428 2938 C.
447 2874 624 2939 consularis
644 2874 743 2940 dixit:
770 2873 868 2940 Certe
890 2875 1094 2964 omniaque:
1117 2874 1198 2942 dicit
1249 2858 1261 2881 ⁹
1296 2926 1298 2930 -

154 2982 390 3061 Nundinarius,
406 3004 479 3047 vera
498 2985 595 3048 sunt?
627 2985 816 3048 Saturninus
830 2984 933 3052 dixit:
952 2988 1051 3052 Vera.
1088 2988 1197 3051 Zeno·

150 3091 266 3179 ‚philus
281 3092 323 3156 V.
334 3092 373 3156 C.
389 3092 565 3157 consularis
579 3091 675 3157 dixit:
691 3093 741 3158 Tu
755 3092 834 3179 quid
848 3093 948 3158 dicis?
973 3094 1090 3160 Victor
1101 3094 1197 3162 dixit:

156 3202 245 3266 Vera
259 3211 335 3265 sunt
349 3200 469 3281 omnia,
485 3201 638 3267 Domine.
674 3201 896 3267 Nundinarius
911 3202 1008 3270 dixit:
1023 3202 1198 3290 Purpurius

150 3309 330 3395 episcopus
344 3309 420 3375 tulit
433 3322 563 3374 centum
580 3310 684 3375 folles.
723 3311 923 3396 Zenophilus
936 3313 980 3378 V.
994 3312 1034 3377 C.
1050 3312 1200 3378 consula-

151 3422 202 3488 ·ris
217 3422 425 3487 Nundinario
448 3422 547 3487 dixit:
569 3423 623 3487 De
637 3421 880 3508 quadringentis
894 3421 1026 3486 follibus
1040 3444 1122 3510 quos
1137 3443 1199 3510 pu·

153 3542 210 3599 tas
231 3531 498 3617 interrogandos?
534 3531 756 3597 Nundinarius
778 3530 880 3596 dixit:
905 3531 1069 3597 Lucianus
1089 3516 1200 3597 diaco·

154 3661 222 3705 uus
240 3639 443 3722 exhibeatur,
466 3641 543 3727 quia
562 3640 632 3726 ipse
654 3652 761 3706 totum
784 3639 855 3705 scit.
888 3642 1090 3728 Zenophilus
1103 3644 1145 3710 V.
1159 3642 1202 3730 C.

152 3746 339 3815 consularis
365 3747 571 3812 Nundinario
596 3746 694 3813 dixit:
723 3747 793 3812 line
813 3747 941 3814 sciunt?
976 3751 1201 3819 Nundinarius

153 3855 264 3924 dixit:
293 3858 372 3921 Non
395 3857 511 3922 sciunt.
558 3857 757 3943 Zenophilus
777 3858 819 3921 V.
835 3857 876 3922 C.
899 3860 1075 3925 consularis
1096 3861 1201 3927 dixit:

153 3965 361 4035 Exhibeatur
378 3966 553 4031 Lucianus.
588 3965 808 4031 Nundinarius
824 3966 925 4032 dixit:
949 3970 1063 4035 Sciunt
1077 3971 1131 4037 isti
1144 3993 1199 4036 ac·

155 4066 275 4160 capias
289 4095 366 4139 ‘esse
387 4073 641 4160 quadringentos
662 4074 777 4154 folles:
805 4075 861 4140 sed
883 4078 958 4164 quia
980 4079 1123 4165 episcopi
1144 4100 1201 4145 eos

153 4183 350 4264 diviserunt,
364 4181 523 4256 nesciunt.
561 4182 763 4284 'zenophilus
777 4185 819 4249 V.
832 4184 871 4249 C.
887 4187 1069 4254 consrdaria
1082 4190 1203 4270 &Nuus

419 4319 431 4353 ¹¹
441 4319 490 4382 sor.
499 4319 599 4382 pascha.
729 4319 740 4352 θ
752 4319 790 4367 An
800 4319 950 4374 Saturnino?
