2684 4740
172 363 176 374 ,
220 277 284 363 256
316 275 554 373 munaum
574 279 630 344 st
649 278 859 345 usseris
878 247 1169 357 ursrursrm.
1227 257 1229 260 ⁴

217 447 275 534 qui
297 449 496 514 nuntiaverat
515 449 549 514 ei
560 448 600 513 de
614 463 731 529 matre,
742 461 799 514 aut
812 446 854 514 de
868 447 1035 528 fratribus,
1045 447 1260 535 insepaverit

183 558 185 562 ’
217 555 325 639 Jesus,
349 560 439 643 quasi
455 557 631 638 fallentem,
647 557 821 624 secuudum
837 558 872 623 id
888 557 977 646 quod
991 542 1192 646 scriptorem
1207 560 1259 624 le*

217 661 312 728 tellit.
348 666 464 752 Neque
479 666 518 745 is,
532 667 589 753 qui
603 667 800 732 annuntiavit
819 668 849 732 ei
867 667 907 732 de
928 681 1030 732 matre
1051 680 1088 732 et
1103 665 1260 733 fratribm

217 769 399 858 increpatus
413 786 474 852 est,
490 796 594 861 neque
609 776 721 840 Petrus
736 798 833 861 supra
846 775 939 839 illurn
953 775 1041 838 solus
1056 773 1259 839 beatificum

216 896 269 949 est
278 905 288 961 3
312 882 368 947 sed
385 896 519 970 uterque
533 886 575 949 ab
590 906 630 949 eo
645 884 779 972 dignam
795 887 1037 972 responsionem
1052 885 1182 972 propria
1205 886 1258 950 in·

218 991 437 1076 terrogatione
448 993 601 1079 percepit,
616 993 699 1058 sicut
712 994 1029 1083 inconsequentibus
1043 1015 1259 1060 sermomon-

218 1097 343 1163 strabit.
387 1099 499 1164 ⁹Cum
515 1102 586 1187 quis
602 1103 750 1187 parvulus
763 1118 825 1184 est,
846 1106 969 1190 cogitat
990 1105 1074 1169 sicut
1095 1103 1261 1190 parvulus,

221 1207 304 1293 sapit
318 1222 356 1272 ut
372 1210 539 1295 parvulus3
562 1233 637 1275 cum
653 1223 763 1277 autem
778 1213 937 1298 perfectus
951 1211 1049 1277 luerit
1060 1211 1118 1290 vit,
1132 1211 1262 1287 destru-

219 1328 315 1411 entur
328 1339 375 1394 ea,
391 1341 463 1404 quae
479 1333 554 1382 suut
567 1319 701 1405 parvuli,
714 1319 749 1384 id
763 1333 825 1399 est,
840 1319 918 1385 dum
941 1321 982 1384 ad
1002 1319 1109 1405 priora
1130 1339 1166 1383 se
1187 1317 1262 1405 quie

219 1427 373 1504 extendit,
397 1428 602 1492 obliviscatur
623 1451 696 1514 quae
714 1441 790 1514 post
808 1449 843 1492 se
859 1424 947 1492 suut.
992 1426 1090 1491 Unde
1111 1427 1260 1512 Domino

220 1549 331 1599 nostro
346 1537 426 1599 Jesu
439 1534 572 1599 Christo
588 1533 736 1613 docente,
750 1548 783 1599 et
797 1549 928 1599 curante
942 1534 1121 1599 humanum
1137 1555 1259 1622 genus,

220 1644 1263 1731 mmmfflmmmwmmmmmmfflffiumffl

219 1775 312 1818 ruens
338 1753 484 1818 omnium
512 1752 696 1817 auditorum
720 1767 805 1817 esset
828 1754 962 1831 intenta,
986 1774 1050 1817 non
1077 1766 1263 1845 opportune

220 1860 383 1948 ingressus
399 1862 451 1924 hic
471 1862 601 1925 nuntius
621 1860 662 1925 de
682 1876 785 1925 matre
808 1861 878 1948 ejus
896 1861 1071 1947 suggessit,
1092 1883 1131 1926 ac
1152 1861 1262 1927 fratri·

219 1965 292 2034 bus.
336 1970 426 2056 Quid
454 1969 562 2032 enimi
597 1968 775 2033 edebuitne
805 1969 901 2033 etiam
933 1991 967 2033 se
990 1968 1062 2055 ipso
1078 1968 1261 2056 judicante,

219 2076 440 2164 derelinquere
456 2099 524 2156 eos,
538 2099 620 2164 quos
633 2077 777 2156 curabat,
792 2090 826 2141 et
840 2099 922 2165 quos
937 2077 1117 2157 erudiebat,
1134 2091 1168 2144 et
1184 2099 1259 2143 cum

220 2181 324 2275 matre
353 2207 390 2250 ac
421 2187 571 2250 fratribus
600 2185 762 2271 colloquii
800 2187 920 2252 Nonne
948 2185 1102 2251 continuo
1125 2185 1261 2253 de‘hoc

220 2278 292 2384 ipso
315 2295 520 2360 detraheres?
566 2293 675 2358 scum
700 2295 785 2358 enim
809 2293 950 2380 peccatis
975 2307 1110 2360 onustos
1133 2305 1167 2359 et
1186 2315 1263 2381 gra·

196 2432 201 2439 ·
220 2420 311 2471 vatos
325 2406 366 2471 ad
381 2406 608 2491 discipulatum
625 2403 746 2489 delegit
760 2403 934 2466 duodecim
956 2425 1101 2482 numero,
1123 2423 1208 2488 quos
1228 2414 1262 2467 et

219 2513 398 2603 Apostolos
414 2513 600 2591 nominavit,
613 2512 723 2576 dicens
735 2511 791 2589 eis,
805 2510 994 2597 ¹relinquite
1008 2523 1145 2577 matrem
1156 2524 1192 2574 et
1201 2529 1260 2599 pa·

220 2635 315 2704 trem,
329 2638 367 2689 ut
381 2647 433 2689 me
447 2625 538 2710 digni
551 2622 744 2702 efficiamini,
758 2634 797 2688 ut
811 2622 895 2687 ultra
914 2644 979 2687 non
1000 2621 1103 2707 possit
1122 2622 1168 2688 eis
1191 2640 1262 2686 me·

220 2734 323 2799 moria
338 2735 449 2820 patris,
464 2746 521 2798 aut
542 2733 652 2797 matris
676 2732 846 2799 robustum
867 2745 980 2817 pectus
1000 2729 1175 2795 inflectere.
1219 2732 1261 2795 Et

219 2840 336 2907 iterum
352 2842 477 2907 volente
492 2844 555 2907 alio
571 2841 711 2928 quodam
727 2841 832 2905 dicere
848 2841 888 2920 ei,
903 2841 970 2920 ibo,
987 2852 1021 2905 et
1035 2839 1188 2925 sepeliam
1204 2860 1261 2926 pa·

220 2962 302 3015 trem
328 2971 452 3028 meum,
472 2949 529 3027 ait,
550 2948 707 3013 ²Dr‘mt'tte
726 2948 861 3014 mortuos
883 2948 1011 3034 sepelite
1031 2958 1168 3012 mortuos
1182 2925 1261 3013 suos.

221 3058 352 3123 Intuere
373 3079 453 3143 ergo
475 3056 641 3142 quomodo
663 3058 826 3122 Dominus
843 3079 933 3121 meus
948 3059 1041 3122 Jesus
1063 3056 1131 3121 sad
1149 3058 1261 3122 neces·

217 3165 302 3230 saria
317 3165 504 3251 Discipulos
520 3164 668 3245 aedificat,
682 3178 716 3231 et
728 3187 788 3253 pro
808 3166 930 3231 meritis
953 3165 1129 3253 unicuique
1148 3177 1262 3231 sancta

220 3276 315 3342 verba
329 3276 516 3342 committit.
561 3277 612 3342 Ita
634 3276 721 3341 etin
743 3298 783 3341 eo
805 3289 964 3363 tempore,
986 3299 1052 3362 quo
1074 3275 1261 3361 importune

115 3452 118 3458 ,
221 3387 461 3475 annuntiaverat
475 3384 605 3473 quidam
621 3384 651 3448 ei
666 3382 706 3448 de
726 3397 840 3463 matre,
863 3407 927 3449 non
949 3382 1178 3470 complectitur
1202 3402 1261 3469 pro

253 3649 265 3679 ⁸
281 3647 311 3694 ln
322 3647 404 3693 codice
415 3643 551 3701 casinensi,
563 3643 649 3691 Debuit
659 3653 681 3691 et
691 3640 766 3691 etiam.
783 3642 852 3691 Mala
861 3642 943 3691 lectio.

257 3724 268 3757 f
281 3729 310 3776 ln
322 3727 403 3775 codice
414 3726 539 3774 Casinensi
550 3725 732 3786 corruptissimo
743 3723 842 3785 legitur,
856 3722 914 3769 Cum
925 3721 983 3769 eninr
990 3720 1088 3782 peccatis
1099 3720 1165 3768 mur
1176 3729 1199 3767 et
1206 3735 1261 3783 gra·

219 3817 288 3855 vatur
298 3806 330 3853 ad
344 3805 499 3867 discipulatum
515 3804 592 3868 diligit
608 3803 718 3851 duodecim
734 3821 828 3866 pumero.
861 3805 913 3852 Nos
924 3813 1046 3866 quantum
1057 3817 1100 3864 per
1110 3803 1261 3863 conjectum

218 3888 299 3947 licuit,
310 3885 386 3946 hujus
396 3885 444 3932 loci
455 3887 545 3933 menda
555 3885 712 3945 sustulimus,
723 3894 747 3933 et
757 3885 856 3934 tortasse
866 3885 941 3947 paulo
951 3893 1006 3947 post
1016 3898 1069 3946 pto,
1084 3882 1158 3930 alceus
1175 3881 1216 3942 ris,
1227 3882 1260 3931 le-

219 3970 329 4030 gendum
340 3975 385 4023 est,
396 3964 456 4011 dixit
466 3966 504 4014 eis.

253 4055 265 4087 ⁸
284 4049 313 4096 ln
325 4048 411 4095 eodem
420 4046 514 4104 codice,
525 4044 557 4092 ad
564 4045 716 4092 necessariam.

255 4185 268 4221 ⁹
287 4195 297 4232 1
312 4183 483 4234 Cor.xiii.1l.
500 4181 588 4244 Philip.
600 4183 633 4231 iii.
648 4192 685 4230 ra.
773 4181 783 4212 ¹
803 4180 864 4228 Mat.
875 4195 900 4227 x.
912 4189 956 4235 at,
1042 4178 1055 4208 ²
1070 4179 1131 4231 Luc.
1142 4178 1178 4227 is.
1191 4189 1230 4231 so.
