2684 4740
275 294 329 384 ru
349 316 382 382 s.
398 316 613 384 oroursn
634 318 750 383 cras.
770 317 843 383 on
856 317 1062 384 NATURA.
1127 335 1190 408 ste

141 489 247 556 vidais
261 489 435 575 corporibus
450 491 594 558 uniuerso
609 489 795 556 tribuebant.
818 491 875 555 Ec
887 490 1036 578 Dionysii
1046 491 1189 559 Alouan-

142 576 231 642 dm'ui
254 576 387 663 episcopi
412 575 501 641 libris
526 577 563 642 de
589 579 725 643 Natura.
777 577 943 643 Caeterum
970 577 1033 641 etsi·
1055 598 1128 665 ope,
1153 592 1190 644 ut

143 663 225 744 dixi,
239 662 361 728 codicis
375 664 452 728 MS.
468 664 524 750 qui
539 665 573 729 in
589 663 741 750 Collegio
757 663 790 727 S.
802 665 936 728 loannis
949 664 1105 750 Baptistae
1119 664 1190 730 Ox·

142 748 387 829 oniisersatur,
410 750 614 838 Dionysiana
638 750 727 814 istaec
749 749 896 837 pluribus
918 749 999 814 locis
1021 751 1210 816 emendare¹
1307 742 1319 757 ‘

142 835 251 922 potui,
271 834 314 900 id.
330 848 439 901 tamen
462 837 544 901 mihi
565 859 629 901 non
651 836 755 915 licuit,
778 835 867 923 quod
890 836 995 900 facere
1018 855 1190 924 aggressus

142 928 222 986 cutn'
240 922 272 986 in
295 923 394 988 Notis
415 923 457 988 ad
481 924 643 987 Msxrnrt
663 936 696 988 et
716 924 912 987 Aramum
932 924 1137 1010 Fragmenta,
1153 934 1191 990 ut

143 1019 284 1090 veterem
308 1009 445 1108 Georgii
465 1008 673 1095 Trapezuntii
698 1007 993 1096 interpretationem
1021 1012 1207 1095 Proepurum

143 1091 239 1159 tionis
253 1094 461 1182 Evangelzcae
474 1095 506 1159 in
523 1095 584 1159 hae
597 1109 688 1181 parte
703 1095 902 1173 adhiberem,
918 1113 995 1159 cum
1016 1096 1100 1161 inter
1118 1097 1193 1183 plu·

143 1180 238 1259 mma,
253 1202 327 1267 quae
346 1182 483 1247 resecuit
502 1180 589 1246 idem
608 1181 854 1267 Trapezuntius,
868 1182 988 1245 omissa
1008 1183 1072 1246 sint
1090 1183 1192 1247 abeo

144 1278 215 1331 tem
233 1267 342 1353 capita
362 1269 541 1353 posteriora
558 1268 632 1332 libri
648 1267 745 1355 hujus
759 1267 878 1333 decimi
892 1267 1009 1354 quarti,
1025 1288 1124 1356 quam
1140 1280 1192 1334 to-

144 1364 202 1418 tus
214 1352 295 1417 liber
307 1352 443 1418 ultimus
457 1354 522 1418 sive
538 1353 684 1419 decimus
700 1354 842 1440 quintus.

192 1440 227 1503 P.
237 1445 308 1504 ³⁴6.
327 1439 349 1503 l.
361 1456 392 1504 5.
415 1439 575 1524 ἀγέννητον]
593 1438 742 1522 Ἀγίνητον
761 1463 822 1504 non
832 1440 965 1527 saelum
985 1461 1062 1504 cum
1083 1467 1097 1504 ν
1116 1439 1194 1505 slm-

142 1524 226 1612 plici
241 1525 319 1591 MS.
334 1527 550 1612 supradictus
568 1525 709 1591 exhibet.
754 1525 819 1590 Sed
835 1527 941 1591 dehis
957 1526 1122 1591 vocabulis
1137 1548 1193 1592 su·

144 1633 208 1698 pra
220 1610 343 1697 aliquid
358 1613 465 1676 notavi
478 1613 520 1678 ad
535 1613 699 1677 Maxrmr
723 1613 966 1698 Fragmentum,
983 1612 1072 1698 quod
1084 1634 1124 1677 ex
1136 1632 1194 1678 eo·

145 1697 223 1763 dem
247 1697 379 1763 Eusebii
398 1720 497 1784 opere
514 1699 547 1762 in
566 1698 628 1762 vol.
646 1700 672 1760 l.
687 1698 862 1784 desumpsi,
878 1719 910 1784 p.
922 1711 992 1761 452.
1039 1699 1077 1762 In
1097 1703 1194 1810 supe·

147 1783 288 1849 rioribus
304 1783 325 1848 l.
338 1798 366 1848 2.
383 1784 475 1849 abest
489 1785 530 1848 ab
545 1784 612 1848 cod.
628 1783 726 1848 MSto
742 1783 936 1870 particulavi,
953 1796 1027 1848 ante
1042 1797 1158 1849 uonna.
1288 1842 1291 1847 ,
1328 1836 1332 1849 ,

141 1900 143 1905 ·
193 1869 315 1935 1bid.l.
330 1884 378 1936 13.
397 1871 565 1955 ἀποτελεῖν]
584 1872 739 1957 Perquam
754 1884 828 1956 apte
842 1868 913 1934 haec
928 1871 1024 1935 verba
1037 1889 1197 1956 exponere

146 1954 281 2022 decreta
295 1955 452 2042 Epicurea
467 1957 508 2021 de
523 1957 660 2034 atomis3
683 1969 781 2042 atque
795 1956 965 2020 convenire
978 1978 1016 2020 ea
1031 1977 1108 2021 cum
1122 1956 1196 2042 phi»

147 2040 279 2128 losophi
301 2043 401 2128 ipsius
424 2043 520 2107 dictis
542 2043 575 2105 in
596 2042 740 2128 epistolis
764 2041 835 2127 ejus
862 2042 903 2107 ad
932 2041 1141 2108 Herodotum
1165 2057 1199 2108 et

148 2127 355 2215 Pythoclem,
367 2151 440 2215 quae
457 2145 642 2215 supersunt,
657 2140 727 2192 tum
743 2129 841 2192 etiam
856 2150 931 2192 cum
949 2127 1112 2192 Plutarchi
1127 2133 1197 2211 (seu

146 2215 258 2299 potius
280 2213 361 2278 alius
383 2214 553 2301 cujusdam
575 2214 736 2300 auctoris)¹
752 2235 848 2300 opere
863 2215 914 2279 De
933 2210 1066 2278 Plocitis
1086 2213 1161 2278 Phil
1182 2246 1197 2265 υ

148 2299 313 2385 sophorum
327 2300 384 2364 lib.
398 2300 419 2364 i.
434 2322 505 2386 cap.
518 2313 549 2364 4.
568 2299 802 2364 eruditissimus
819 2300 1064 2385 Stillingfleetus
1083 2300 1198 2366 admo-

150 2386 233 2451 nuit.
258 2385 336 2450 Vid.
354 2385 500 2474 Origines
514 2386 585 2473 ejus
602 2385 714 2449 Suetus
728 2385 784 2449 lib.
796 2385 840 2448 iii.
856 2401 971 2473 capu.
989 2388 1019 2469 ξ.
1036 2401 1082 2449 11.

195 2470 385 2536 Ibid.l.16.
409 2479 422 2535 l
445 2474 472 2535 δὲ
494 2471 679 2572 Δημόκςοτος]
700 2469 787 2535 Cum
810 2471 951 2557 positum
969 2473 1011 2536 sit
1026 2472 1199 2559 Δημόκριτος

149 2556 185 2620 in
198 2557 297 2623 Mssa
312 2580 378 2622 non
391 2558 445 2623 hic
460 2558 516 2623 sed
530 2572 639 2624 statum
656 2571 731 2621 ante
746 2557 879 2621 verbum
895 2556 1041 2635 tutantur,
1057 2580 1097 2623 ex
1112 2581 1199 2623 mar·

149 2642 229 2729 gine
242 2643 344 2731 igitur
364 2645 397 2708 in
416 2659 540 2709 textum
557 2645 726 2708 devectum
743 2664 863 2707 nomen
876 2644 966 2708 istud
980 2645 1198 2732 videtum-quo

176 2728 285 2794 uidem
300 2752 366 2795 non
381 2751 464 2816 opus
479 2742 538 2794 est.
589 2729 756 2794 Caeterum
771 2730 876 2793 Varro
891 2729 977 2814 apud
994 2730 1199 2810 Ciceronem,

143 2874 147 2880 .
174 2837 228 2881 am
242 2822 324 2894 uero,
338 2816 455 2902 inquit,
472 2816 614 2904 physico,
630 2815 658 2880 si
672 2815 858 2901 Epicurum,
873 2813 907 2878 id
919 2827 978 2898 cst,
994 2816 1021 2880 si
1035 2817 1198 2882 Democri-

151 2910 233 2980 tum,
244 2902 419 2988 prohmcm,
431 2917 552 2987 possem
566 2901 696 2966 scrihere
708 2902 768 2965 &c
791 2901 969 2966 Academia.
985 2901 1041 2966 lib.
1051 2902 1072 2968 i.
1086 2925 1157 2990 cap.
1168 2919 1199 2968 n.

151 2987 324 3056 Nonnulla
338 3004 424 3065 vero,
438 2988 494 3053 sed
510 3009 682 3138 perpauca,
697 2988 845 3053 mutabat
858 2987 1030 3074 Epicurus,
1044 3002 1127 3055 teste
1142 3012 1200 3054 eo·

151 3073 227 3141 dem
245 3066 415 3153 Cicerone,
429 3075 481 3139 Dc
494 3074 566 3139 lini
587 3096 632 3139 us.
648 3075 669 3138 i.
682 3081 713 3140 6.
730 3087 765 3138 et
778 3075 829 3138 De
844 3074 923 3139 Not.
943 3077 1035 3139 Deor.
1048 3076 1069 3139 i.
1083 3083 1133 3140 26.
1181 3120 1184 3125 -

191 3160 316 3236 ·P.347.
331 3161 354 3227 l.
369 3177 397 3225 1.
421 3167 445 3224 cl
466 3161 505 3239 δὲ,
526 3159 576 3236 τοὶς
596 3159 714 3243 ἀτίμους
735 3161 987 3246 μετονομάσαντος]
1017 3161 1082 3225 Hic
1105 3163 1199 3249 posui

151 3257 321 3332 sumptum
342 3269 383 3312 ex
402 3247 502 3310 Mssa
523 3247 762 3329 μοτονομᾶοοντες
783 3270 842 3333 pro
864 3247 945 3311 edito
967 3248 1018 3330 piu
1042 3247 1199 3330 ὀνομάσαν-

150 3356 210 3412 τες,
225 3331 320 3421 cujus
340 3333 414 3399 loco
430 3333 635 3398 scribendum
650 3354 721 3398 esse
734 3332 813 3397 olim
827 3332 1029 3420 conjeceram
1044 3336 1083 3415 pl
1100 3337 1201 3417 ὄνομα·

150 3417 265 3483 «ἄντι.
307 3462 309 3467 »
348 3447 351 3452 ’
439 3473 442 3479 .
825 3448 828 3455 ’

178 3445 284 3577 ..Ibid.
297 3502 323 3568 1·.
335 3519 367 3589 5,
397 3502 547 3592 Διόδωρον]
573 3502 742 3569 Diodorus
762 3504 817 3568 hic
838 3516 899 3581 est,
924 3501 980 3590 qul
993 3505 1202 3590 cognomine

141 3587 284 3681 -Grpnus
300 3589 437 3668 dictus,
455 3612 496 3655 ex
521 3590 698 3677 Megaricis
721 3590 783 3655 luit
806 3589 1039 3679 philosophis-3,
1059 3612 1079 3655 a
1101 3591 1201 3658 Sexto

143 3676 216 3755 ,Em
241 3676 276 3692 ''
311 3697 418 3762 vstepe
432 3688 720 3755 commemoratus.
887 3702 902 3723 ‘-
928 3698 932 3707 ⁴
984 3705 988 3711 ¹
1127 3673 1130 3681 '

159 3762 215 3827 -...1
239 3761 284 3828 id.
297 3761 323 3826 l.
337 3767 369 3826 6.
390 3760 595 3850 Ἡρακλείδης]
614 3761 703 3826 Audi
718 3760 991 3826 Edroc'oni'num
1011 3761 1044 3825 in
1066 3761 1201 3849 Syllabo

153 3845 384 3915 editionivsuae
413 3847 582 3934 praemisso
609 3846 683 3912 libri
707 3848 855 3934 superius
881 3848 1129 3913 commemorati
1151 3850 1203 3912 De

153 3931 291 3999 Plocltis
305 3933 428 3998 Phileto
453 3933 572 4012 horsum,
586 3956 621 4020 p.
634 3955 709 3999 xxx.
730 3941 752 3972 “
768 3934 965 3999 Heraclides
977 3934 1125 3999 Ponticus
1143 3956 1202 4020 ap-

153 4023 179 4058 ‘⁴
235 4020 332 4085 llatue
348 4042 414 4107 quo
452 4019 675 4085 Heracleae‘in
697 4021 802 4084 Ponto
820 4035 914 4086 natus
928 4032 1024 4100 esset,
1040 4019 1203 4106 Aristote-

153 4109 183 4145 “
193 4040 237 4169 li:
254 4105 387 4187 ,auditor
409 4106 472 4170 fuit
493 4123 534 4171 ex
552 4108 661 4171 Laert.
675 4105 734 4170 lib.
748 4129 783 4170 v.
798 4127 867 4195 seg.
884 4112 933 4173 86.
953 4107 1099 4205 adeoque
1118 4105 1204 4170 circa

144 4195 178 4241 -“
192 4189 331 4281 Olymp.
349 4207 420 4257 110.
438 4191 586 4259 floruisse
606 4191 731 4258 debuit.
774 4193 829 4259 De
850 4194 907 4259 illo
920 4190 1097 4259 ‘Fabrictus
1117 4191 1203 4259 niul.

154 4275 255 4344 “Gn
271 4278 597 4367 euxine-³02?
679 4364 700 4429 b
733 4329 736 4333 -

640 4385 661 4430 B
713 4378 732 4430 3
