2684 4740
166 275 226 361 138
515 275 846 345 racusanus,

160 442 350 531 singillatim
362 459 418 529 pro
434 466 481 522 eo,
497 467 592 530 quam
607 468 627 510 o
642 447 709 511 Deo
724 456 894 530 occeperat,
908 445 1062 530 sapientia
1071 462 1205 532 respon·

159 528 266 607 disset,
282 539 377 615 atque
396 529 588 613 impostorem
609 530 708 596 lenius
728 531 878 618 agitaret,
899 530 985 615 apud
1003 554 1035 596 se
1055 532 1206 605 nonnihil

162 613 335 691 haesitans3
356 625 480 698 repente
491 615 664 681 Archelaus
676 639 731 681 nec
745 616 868 700 opinato
882 627 1056 700 conspectus
1068 627 1129 696 est,
1143 618 1204 704 qui

160 708 311 784 tanquam
335 699 502 763 acerrimus
526 700 771 786 paterfamilias,
801 722 984 788 suorumque
1008 701 1204 766 studiosissi-

157 805 238 860 mus,
263 782 410 847 audacter
433 783 466 847 in
486 785 666 869 praedonem
680 785 827 868 fremens
849 784 992 849 incurrit.
1039 786 1141 871 Quem
1162 797 1203 850 ut

157 868 274 932 Manes
296 869 429 953 aspexit,
451 869 602 933 simulato
623 869 776 935 blanditia
786 897 799 949 ,·
819 871 885 934 sine
905 892 965 949 me,
987 869 1104 955 inquit,
1127 893 1202 935 cum

159 952 322 1039 Tryphone
334 953 535 1032 contemnem
550 966 585 1019 tu
599 954 682 1019 enim
695 979 755 1033 me,
770 977 839 1018 cum
855 955 898 1019 sis
909 954 1007 1039 episco
1030 976 1078 1035 us,
1088 954 1201 1044 digni-

118 1040 121 1047 ’
159 1049 225 1103 tate
238 1053 375 1123 superas.
412 1038 585 1104 Archelaus
599 1063 679 1119 vero,
692 1063 732 1105 ea
745 1063 790 1116 eo,
804 1040 966 1137 quodjam
981 968 1068 1103 ttius
1081 1039 1201 1138 dogma

157 1123 351 1210 confutatum
367 1134 446 1203 erat,
460 1123 570 1201 multo,
607 1147 680 1188 uam
697 1123 797 1189 uerbis
813 1124 948 1207 expromi
963 1135 1080 1209 posset,
1097 1145 1199 1189 simu·

159 1207 246 1272 bandi
273 1206 464 1272 callidiorem
486 1232 548 1274 esse
593 1210 683 1290 acuit,
708 1232 800 1296 osque
825 1209 876 1274 illi
901 1224 1027 1294 prorsus
1054 1209 1198 1276 occlusit.

158 1295 237 1358 Turn
252 1315 325 1379 quoe
339 1292 377 1356 ab
391 1291 444 1357 illo
456 1295 758 1381 propositafuerant
770 1294 948 1373 dissolvens,
960 1315 1072 1359 nouum
1086 1294 1117 1359 ei
1131 1309 1197 1379 pu-

156 1378 260 1442 dorem
286 1378 423 1458 incussit,
450 1401 519 1443 cum
543 1402 582 1444 ne
605 1379 719 1444 hiscere
745 1379 870 1466 quidem
894 1378 1031 1463 amplius
1055 1379 1198 1444 auderet.

158 1463 222 1528 Sub
241 1462 308 1527 hoec
328 1462 473 1549 populus,
493 1465 671 1529 ardentibus
690 1487 814 1528 rursum
835 1463 960 1541 animis,
975 1461 1139 1529 scelestum
1155 1463 1198 1528 it·

155 1546 223 1613 lum
234 1547 401 1696 opprimere
415 1560 540 1614 conotus
555 1561 611 1614 est.
637 1552 775 1636 Quorum
791 1548 846 1614 ille
859 1569 970 1614 manns
983 1546 1142 1635 offagiens
1153 1549 1198 1614 ad

157 1644 239 1699 caste
254 1633 318 1697 lum
333 1633 499 1698 Arabionis
514 1657 652 1699 reversus
665 1647 722 1698 est.

197 1719 388 1783 Notandum
412 1732 519 1783 tamen
541 1733 602 1798 est,
618 1718 840 1806 Epiphaniam
856 1739 1022 1805 perperam
1042 1718 1196 1806 Trypho,-

154 1826 228 1867 nem
243 1826 355 1867 vocare
369 1806 592 1892 presbyterum
614 1805 717 1883 illum,
733 1804 878 1890 quicum
899 1803 1034 1867 Manete
1047 1800 1194 1888 dispum-

153 1887 219 1962 vit;
244 1911 318 1951 nam
333 1888 365 1952 in
381 1889 473 1952 Actis
488 1889 712 1975 disputationis
727 1887 891 1968 Archelai,
905 1909 924 1951 a
939 1888 1032 1951 nobis
1050 1888 1193 1973 primum

153 1972 260 2051 editis,
273 1973 440 2037 Diodorus
455 1973 572 2037 diserte
587 1974 776 2058 appellatur.
828 2028 831 2032 .
1185 2042 1189 2047 ,

196 2056 287 2120 Idem
304 2057 421 2143 Epiph.
437 2081 526 2123 num.
539 2059 603 2122 xxi.
619 2058 694 2136 Ἤη
714 2060 741 2121 δὲ
759 2056 874 2167 eripior
887 2056 1025 2141 μεγάλως
1038 2062 1194 2141 &naumis

153 2142 216 2205 κατ’
233 2145 305 2203 abrit
325 2143 490 2228 ἁντνρῤἦσενς
508 2149 556 2207 τοῦ
577 2141 701 2228 ἐλέγχου
723 2163 897 2221 ωετονηνταη·
919 2141 1074 2227 Ἀρχελᾶω
1088 2143 1141 2225 pir
1154 2147 1194 2227 τῷ

152 2226 302 2311 horninur,
317 2229 352 2302 ὥς
366 2226 534 2314 ττρνεέρηταη.
569 2229 643 2291 Jam
659 2227 814 2324 amagnis
835 2226 912 2290 uiris
932 2205 1135 2291 admirabiles
1152 2226 1194 2290 ad

152 2310 239 2375 illius
261 2311 442 2398 refutandos
463 2335 579 2376 errores
599 2312 824 2376 lumbratroues
842 2322 913 2375 sunt
934 2311 1039 2390 editae,
1053 2310 1140 2375 uelut
1154 2309 1192 2375 ab

151 2395 304 2462 Archelao
320 2397 468 2482 episcopo,
482 2409 518 2461 ut
533 2407 625 2460 antea
639 2397 756 2461 dictum
770 2407 827 2460 est.
857 2399 899 2460 Et
913 2419 1001 2460 num.
1014 2418 1086 2460 xxv.
1104 2398 1192 2460 Karai

149 2481 225 2560 λε’ξνν
236 2483 263 2545 δὲ
275 2487 393 2561 καθεξῆς
404 2482 532 2560 ύποτᾶξω
540 2481 719 2568 αἱρμοτῖὸντανς
728 2485 759 2545 τὸ
772 2484 846 2545 ariri
855 2481 977 2566 φρόνημα
987 2482 1041 2544 ἀπὸ
1053 2490 1109 2545 τῶν
1121 2483 1192 2566 Ἀρ·

91 2644 96 2651 '
149 2567 249 2652 χελάνν
263 2566 327 2654 τρός
337 2569 419 2631 αὐτὸν
430 2566 718 2654 πεπραγματευμένον
732 2570 758 2628 ἐν
771 2571 803 2652 τῇ
818 2568 883 2650 πρὸς
894 2568 976 2629 αὐτὸν
986 2566 1193 2651 ἀντιλογίηςῶς

88 2690 93 2703 ·
150 2651 232 2727 αὖτός
246 2652 413 2729 ἀνεκάλυψε
427 2652 552 2739 Tigisis,
567 2653 602 2726 εἷς
616 2659 670 2715 τῶν
684 2656 756 2713 ariri
768 2655 913 2732 μαθητῶν,
924 2652 990 2735 oripi
1005 2648 1094 2712 hilum
1108 2655 1193 2732 trop-

150 2737 249 2814 νήνθην.
280 2739 506 2822 ἐπερωτησάντων
526 2736 612 2799 τοίνυν
631 2743 684 2800 τῶν
705 2737 771 2821 oripi
794 2734 954 2842 'Apxihotor
968 2735 1014 2797 air
1029 2733 1190 2812 solemur,

150 2823 199 2884 uui
213 2820 395 2906 Μάρκελλον,
411 2820 544 2906 Τύρὸωνα
562 2822 630 2906 areph
649 2828 696 2896 τῆς
712 2828 760 2883 τοῦ
778 2825 861 2896 Μανη
877 2816 1071 2897 διδασκαλίας,
1087 2825 1101 2882 h
1116 2818 1192 2905 Trip-

152 2903 205 2968 ἔων
223 2905 387 2987 ἀπεκρίνατο
409 2904 510 2987 λέγων,
524 2902 605 2965 ἅτινα
624 2908 656 2967 ἐκ
675 2914 722 2968 τοῦ
743 2903 854 2983 &sitrico
874 2901 1051 2989 παρεθέμην,
1066 2904 1116 2965 καὶ
1135 2903 1191 2977 lm

149 2989 226 3052 τάδε.
264 2988 325 3053 Sed
342 3011 423 3053 nunc
444 2988 531 3051 illius
551 2988 663 3075 dogma
681 2990 723 3053 ad
740 2989 876 3067 uerbum,
892 2988 940 3052 uti
954 2999 1191 3052 consentaneum

150 3084 208 3151 est,
232 3071 415 3152 adscribam,
438 3096 477 3137 eoo
498 3073 647 3136 Archelai
670 3089 767 3158 opere,
812 3074 873 3136 uod
894 3073 1039 3136 adversus
1059 3072 1191 3137 mudena

151 3156 245 3224 illum
262 3157 372 3236 edidit,
388 3182 427 3222 erc
447 3158 486 3221 iis
507 3181 579 3244 quoe
594 3182 612 3222 a
628 3158 767 3243 Tyrbone
787 3096 936 3241 discipulo
957 3155 1044 3220 illius
1065 3172 1190 3240 accepe-

149 3253 213 3322 rat,
228 3242 339 3329 dequo
360 3243 542 3308 mentionem
562 3243 793 3327 malefecimus.
831 3243 915 3305 Nam
932 3263 1000 3305 cum
1013 3239 1191 3306 Archelaus

149 3329 316 3413 episcopus,
331 3340 361 3391 et
377 3327 554 3393 Marcellus
567 3327 604 3390 de
618 3328 729 3390 Manis
743 3326 939 3413 dogmatibus
951 3325 1126 3411 Tyrbouem
1141 3325 1190 3391 in*

150 3423 368 3510 terrogassent,
382 3413 451 3477 hcec
473 3412 527 3476 ille
549 3413 616 3497 ipsa
638 3411 807 3494 respondit,
827 3434 900 3497 quae
921 3432 976 3474 nos
995 3433 1036 3474 en
1054 3432 1088 3473 eo
1110 3409 1189 3475 libro

148 3498 375 3582 descripsimus,
399 3509 531 3583 suntque
556 3496 717 3580 ejrosmodi.
762 3498 947 3581 Sequuntur
974 3506 1126 3579 excerpta
1149 3516 1192 3571 ex,

149 3582 229 3647 actis
249 3581 472 3665 disputationis
493 3581 645 3644 Archelai
666 3602 740 3644 cum
763 3581 909 3658 Manete,
925 3602 999 3665 quoe
1018 3600 1141 3664 graeee,
1156 3593 1193 3645 et

146 3667 245 3733 latine
260 3665 419 3730 habentur
432 3667 464 3728 in
480 3666 621 3729 editione
637 3677 745 3728 nostra
759 3685 829 3750 cap.
842 3665 894 3728 vii.
1188 3716 1192 3729 .

193 3750 285 3815 Idem
299 3752 428 3815 Auctor
441 3751 473 3812 in
489 3749 570 3814 libro
587 3749 628 3813 de
643 3750 807 3812 Mensuris
827 3762 861 3812 et
879 3747 1080 3831 Ponderibus
1096 3769 1192 3813 num.

148 3860 201 3901 xx.
222 3835 338 3899 iterum
357 3834 502 3898 meminit
521 3833 685 3912 Archelai,
706 3833 841 3919 ejusque
863 3832 1091 3919 disputationis
1113 3854 1193 3897 cum

148 3922 294 3986 Manete.
1129 3982 1133 3989 .
1185 3974 1190 3989 .

191 4007 328 4069 Sanctus
344 4005 566 4087 Hieronymus
580 4003 621 4067 de
637 4002 854 4088 Scriptoribus
870 3999 1104 4065 Ecclesiasticis
1118 4021 1195 4087 cap.

148 4090 235 4155 lxxii.
251 4089 423 4154 Archelaus
437 4087 593 4172 episcopus
608 4087 850 4172 Mesopotamiae
870 4084 984 4153 librum
998 4084 1193 4169 disputatio-

148 4173 198 4239 nis
218 4196 295 4253 suce,
317 4196 412 4262 quam
433 4171 541 4238 habuit
562 4173 706 4239 adversus
725 4170 1135 4249 Manicheamomamem
1154 4169 1196 4245 dc
