2684 4740
228 274 252 339 4
504 250 777 345 ιιιιριιιιι
807 254 1001 324 sAcnAE.

133 431 135 435 ’
230 437 308 508 tate,
322 420 363 492 de
379 425 536 514 passione,
552 428 593 492 de
611 429 852 507 resurrectione,
868 429 908 492 de
922 427 1172 508 conversatione,
1191 426 1274 514 (forr

232 536 365 600 addend.
384 535 533 618 Domini)
554 556 628 600 cum
650 535 815 622 discipulis
836 535 912 615 suis,
932 546 964 599 et
986 535 1026 600 de
1047 537 1180 622 gemino
1202 536 1273 624 ejus

230 646 388 727 adventu3
411 647 521 735 primo
531 649 563 713 in
575 648 760 714 humilitate
773 646 956 755 despectus,
973 640 1062 736 qnod
1084 673 1122 714 ro
1138 693 1272 716 ......

232 739 401 842 ..Osos
421 757 509 844 quod
529 749 772 843 prophetatum,
788 757 851 821 oid.
874 768 937 821 not.
941 759 966 838 ),
988 754 1165 821 secundum
1188 757 1273 843 (for.

230 865 386 949 secundo)
401 879 561 952 potestate
575 863 675 952 regali
688 867 878 953 praclarum
895 865 976 951 (for.
989 864 1155 952 praeclaro)
1144 868 1301 953 lquod⁵‚

230 966 377 1040 futurum
400 989 460 1041 est.
503 976 593 1064 Quid
614 996 694 1063 crgo
717 977 847 1055 mirum,
870 976 897 1039 si
917 976 1082 1041 Johannes
1104 990 1170 1040 tam
1191 998 1275 1041 con·

230 1074 364 1148 stanter
371 1085 499 1171 singula
518 1085 614 1149 etiam
637 1085 670 1148 in
691 1084 848 1171 epistolis
856 1084 921 1148 suis
941 1084 1094 1170 proferat,
1110 1083 1250 1148 dicens
1240 1108 1275 1149 m

230 1193 424 1289 semetipso.
446 1193 557 1281 anae
571 1193 705 1270 vidimus
719 1194 815 1258 scolis
828 1194 954 1274 nostris,
965 1205 995 1259 et
1011 1193 1137 1259 auribus
1151 1194 1276 1259 audivi

230 1314 363 1382 manet
384 1327 496 1370 monas
516 1315 634 1369 nostrae
651 1287 873 1389 palpavimns,
896 1303 963 1368 laec
985 1302 1173 1387 scripsimus.
1218 1304 1275 1369 Sic

230 1412 317 1476 enim
340 1434 405 1477 non
425 1412 579 1478 solum
551 1434 687 1492 visorem
707 1413 763 1477 sed
774 1413 863 1501 (for.
885 1434 920 1476 se
940 1414 985 1495 et)
1005 1411 1197 1492 auditorem,
1215 1413 1276 1480 sed
1289 1416 1329 1470 10

229 1532 263 1583 et
283 1518 472 1606 scriptorem
493 1520 640 1630 omninm
662 1520 858 1586 mirabilium
879 1517 1016 1586 Domini
1037 1543 1095 1607 per
1113 1522 1276 1602 ordinem,

226 1628 410 1714 profitetur.

271 1739 358 1804 Acta
373 1752 484 1828 autern¹
493 1720 645 1831 omnium
645 1717 882 1829 apostolorum
897 1709 959 1818 suh
973 1763 1040 1807 uno
1055 1739 1138 1805 libro
1153 1719 1277 1834 scripta

229 1861 315 1912 sunt.
360 1850 466 1913 Lucas
484 1849 607 1935 optimc
626 1849 832 1936 '⁰Theophile
855 1837 939 1936 (for.
960 1850 1083 1935 optime
1104 1871 1142 1912 ea
1161 1850 1275 1915 Theo·

226 1955 333 2043 philo)
346 1957 602 2044 comprehendit,
614 1959 691 2044 quia
705 1960 766 2024 sub
777 1959 948 2046 praesentia
959 1958 1167 2046 ejus'singula
1176 1981 1273 2046 gere·
1288 1968 1325 2021 1⁵

227 2053 365 2145 banton
388 2067 472 2161 sicut
492 2079 526 2132 et
545 2083 669 2132 semote
691 2068 774 2154 (for.
795 2071 932 2152 semota)
957 2069 1165 2155 dpassionem
1188 2072 1276 2134 Petri

227 2176 354 2271 ‘evident
341 2191 392 2244 ter
414 2179 556 2245 declarat
582 2181 663 2267 (for.
683 2179 875 2260 declarant),
897 2181 954 2245 sed
978 2182 1112 2266 (sedet,
1135 2182 1277 2267 reposuit

228 2288 380 2353 flsindo'l
381 2288 447 2372 l.)
456 2291 692 2385 profectionem
709 2289 799 2354 Pauli
813 2291 854 2355 ab
869 2291 949 2356 urbe
967 2291 1008 2356 ad
1028 2291 1178 2442 Spaniam
1193 2312 1275 2398 pro·-

226 2397 409 2464 ficiscentis.
507 2431 509 2434 ⁴

230 2508 417 2596 Epistola
428 2509 617 2602 (Epistolae,
630 2509 779 2574 Freindnl
780 2509 815 2594 l.)
833 2521 941 2576 autem
959 2508 1060 2590 Pauli,
1072 2533 1157 2596 quae,
1172 2533 1192 2574 a
1204 2535 1274 2599 quo
1284 2526 1328 2577 ιο

226 2615 314 2709 loeo,
336 2619 384 2706 vel
405 2641 470 2705 qua
493 2641 531 2683 ex
554 2641 652 2683 causa
673 2618 794 2683 directe
817 2619 974 2701 (directa,
990 2618 1178 2702 Freindall.)
1193 2620 1275 2702 sint,

227 2725 446 2791 voluntatibus
472 2726 675 2809 (volentibus,
697 2725 883 2805 Freindnll.)
907 2726 975 2810 ipse
1001 2726 1164 2792 declarant
1187 2729 1274 2813 (for.

228 2832 405 2917 declarat);
432 2833 574 2918 prim-um
600 2832 747 2895 omnium
771 2832 953 2897 ‘Corinthiis
979 2835 1118 2902 schisma
1143 2836 1276 2902 haercsis

228 2941 432 3021 interdicens,
458 2940 608 3026 deinceps
631 2929 795 3004 Callactis
817 2941 969 3024 (Galatis,
992 2941 1180 3024 Freindnll.)
1206 2947 1275 3009 cir·

227 3050 480 3130 'c'nmcisionem3
505 3048 659 3113 Romanis
680 3058 789 3111 autem
812 3049 924 3112 ordine
946 3050 1196 3136 scripturarum,
1216 3055 1324 3120 sedas

228 3168 263 3227 et
287 3138 484 3247 principium
506 3139 616 3220 earum
641 3178 710 3218 esse
735 3145 902 3220 Christum
928 3147 1276 3244 tssntimans,<prolixius

228 3268 373 3355 scripsit·
397 3267 451 3332 De
463 3267 583 3352 quibus
598 3263 732 3349 singulis
746 3286 878 3327 necesse
892 3277 942 3329 est
955 3288 975 3329 a
989 3259 1082 3338 nobis
1095 3267 1273 3368 disputaris

228 3394 304 3443 cum
326 3378 394 3463 ipse
413 3374 713 3459 beatus'apostolus
737 3373 853 3438 Paulus
873 3395 1007 3460 sequens
1030 3375 1276 3462 praedecessoris

226 3474 284 3552 'sul'
294 3484 451 3552 Joh'annis
467 3483 625 3560 ordinem,
641 3482 768 3546 nonnisi
785 3474 973 3546 nominatim
991 3497 1115 3570 septem
1129 3487 1275 3555 ecclesiis

218 3597 349 3663 ‘scribat
369 3595 481 3658 ordine
502 3591 569 3658 tali.
612 3592 668 3656 Ad
685 3588 885 3654 Corinthios
892 3592 1024 3675 prima(
1012 3592 1103 3675 (.for
1088 3594 1233 3678 primo,
1241 3607 1273 3660 et
1283 3613 1327 3664 30

227 3705 296 3768 in
287 3718 398 3790 sequen
400 3701 493 3780 silus,
514 3699 668 3797 secundo,
688 3687 782 3785 alone
802 3699 849 3761 ita
868 3697 1035 3782 deinceps),
1051 3699 1092 3768 ad
1091 3703 1274 3809 Ephesios

230 3813 386 3892 secunda,
405 3811 447 3875 ad
472 3792 693 3896 Philippenses
719 3806 823 3885 tertia,
845 3805 886 3869 ad
903 3806 1121 3872 Colossenses
1146 3825 1274 3897 quarta,

395 4062 406 4093 δ
427 4074 438 4110 1
450 4064 521 4109 Joan.
534 4062 632 4108 i.1-4.
846 4067 858 4092 ⁰
875 4061 930 4108 Act.
940 4061 957 4107 i.
968 4070 989 4107 1.

393 4147 405 4180 ‘¹
423 4149 658 4206 Joan.xxi.1s‚19·
773 4146 776 4151 ’
850 4153 861 4180 ⁸
880 4149 952 4195 Rom.
963 4163 1005 4197 xv.
1015 4157 1056 4205 ss,
1067 4157 1107 4194 as.
