2684 4740
101 388 117 407 ,
179 325 418 393 AR‘CHELAI
440 327 496 392 ET
515 326 721 403 MANETIS
742 324 1030 392 DISPUTATIO.
1067 346 1127 415 213

91 514 193 560 saus
213 517 340 577 nrxrr,
356 499 439 564 Puto
456 521 529 585 quae
544 511 585 564 ἰι
599 499 692 564 nobis
711 499 753 570 de
772 497 915 562 Diabolo
936 497 1021 563 dicta
1041 511 1126 576 sunt,

87 624 158 669 non
177 626 292 691 parum
312 607 444 672 rationis
459 621 492 671 et
505 607 633 693 pietatis
653 609 811 672 obtinent.
856 608 975 674 Habet*
987 607 1073 672 enim
1094 621 1129 672 et

87 735 295 802 unaquaeque
310 731 456 781 creatura
470 717 615 782 ordinem
632 740 740 795 suum,
756 730 789 780 et
804 717 885 781 alius
900 716 1030 802 quidem
1046 715 1128 781 ordo

88 834 141 907 est
159 822 295 888 humani
313 826 452 912 generis,
470 840 504 889 et
525 826 605 890 alius
626 826 812 890 animalium
838 840 899 903 est,
923 839 1021 912 atque
1046 825 1128 890 alius

89 930 313 1017 Angelorum,
336 955 400 996 una
422 955 495 997 vero
520 948 553 997 et
576 933 918 999 sola'inconvertibilis
947 947 996 998 est
1024 933 1129 998 divina

89 1039 283 1121 substantia,
299 1055 428 1121 aeterna,
443 1057 476 1106 et
490 1042 667 1121 invisibilis,
689 1043 772 1107 sicut
792 1056 825 1106 et
845 1042 994 1106 omnibus
1014 1054 1127 1107 notum

13 1200 16 1205 .
89 1159 152 1229 est,
166 1149 344 1214 secundum
359 1151 453 1231 illud,
469 1152 558 1238 quod
573 1153 729 1238 scriptum
750 1166 811 1230 est,
828 1152 1019 1216 tDominum
1040 1173 1127 1216 nemo

91 1257 173 1342 uidit
187 1281 337 1345 unquam,
348 1258 410 1323 nisi
424 1259 715 1346 unigmitatfllius,
726 1259 780 1347 qui
795 1270 841 1324 est
857 1259 891 1323 in
905 1260 978 1323 sinu
990 1259 1129 1328 Potris¹.

89 1379 107 1413 ¹¹
120 1367 266 1454 Reliquae
281 1389 361 1454 ergo
377 1389 489 1431 omnes
503 1381 657 1433 creaturae
673 1369 811 1434 visibiles
836 1367 899 1434 sint
919 1391 1048 1434 necesse
1068 1376 1130 1450 est',

88 1475 220 1555 caelum,
240 1490 335 1555 terra,
354 1498 451 1553 mare,
477 1476 634 1558 homines,
649 1479 781 1564 Angeli,
795 1477 1012 1564 Archangeli:
1036 1479 1129 1544 Deus

89 1604 177 1662 vero,
192 1606 268 1648 cum
283 1608 303 1650 a
317 1584 406 1649 nullo
420 1607 562 1671 unquam
577 1586 661 1651 visus
677 1587 729 1666 sit,
745 1586 822 1673 quid
838 1588 868 1651 ei
883 1599 990 1673 potest
1004 1609 1043 1650 ex
1058 1587 1127 1652 istis

88 1691 245 1756 creaturis
258 1714 327 1757 esse
346 1693 564 1758 homousion?
611 1695 707 1759 Unde
720 1709 754 1758 et
768 1693 896 1779 singula
911 1716 1048 1781 quaeque
1071 1716 1123 1759 se·

88 1800 236 1866 cundum
250 1802 401 1867 ,ordinem
432 1826 528 1868 sunm
554 1804 718 1890 propriam
747 1804 885 1869 dicimus
910 1803 1030 1868 habere
1053 1805 1130 1869 sub·

90 1909 255 1975 stantiam.
300 1911 353 1976 Tu
366 1932 440 1975 vero
454 1931 495 1974 ex
510 1933 577 1974 uno
592 1932 689 1974 omne
709 1911 838 1989 animal,
859 1912 947 1997 quod
968 1924 1127 1993 movetur,

91 2019 216 2083 factum
232 2018 322 2099 dicis,
336 2032 369 2083 et
386 2018 599 2084 substantiam
621 2041 641 2083 a
659 2019 733 2083 Deo
755 2019 917 2104 accepisse
937 2019 1017 2083 dicis
1037 2020 1127 2084 simi·

84 2129 168 2207 lem,
183 2140 222 2212 et⁸
233 2150 327 2215 posse
341 2150 413 2193 eam
427 2149 571 2213 peccare,
586 2141 683 2214 atquc
702 2127 743 2192 ad
758 2126 920 2214 judicium
944 2129 1049 2193 venire
1059 2154 1068 2208 3
1079 2114 1127 2195 ”et

92 2226 167 2301 eum
182 2258 246 2300 non
260 2236 307 2300 vis
322 2237 463 2321 recipere
479 2242 658 2300 sermonem
675 2236 848 2315 dicentem,
863 2237 1041 2302 Diabolum
1057 2238 1130 2302 An·

93 2345 205 2429 gelum
220 2344 330 2422 fuisse,
345 2359 377 2409 et
393 2345 425 2409 in
447 2343 703 2430 praevaricatione
721 2345 892 2424 decidisse,
912 2361 946 2410 et
971 2368 1036 2410 non
1059 2367 1130 2411 esse

94 2452 239 2540 ejusdem
261 2475 337 2537 curn
359 2454 432 2518 Deo
455 2454 654 2519 substantiae.
699 2455 885 2519 Interimere
907 2455 1131 2542 debesjudicii

94 2561 256 2639 Ζιιιίοιιιι,
270 2575 308 2626 ut
322 2562 393 2648 quis
415 2576 560 2627 nostrum
583 2562 672 2626 fallat
693 2576 856 2650 appareat.
900 2565 934 2628 Si
955 2565 1040 2628 enim
1064 2588 1129 2630 non

95 2682 203 2756 potest
222 2671 311 2758 quia
325 2671 399 2736 Deo
420 2685 546 2736 creatus
566 2686 615 2736 est
636 2671 797 2756 Angelus,
818 2671 852 2736 in
872 2673 1126 2760 transgressione
1189 2657 1192 2663 ⁵

124 2920 135 2944 ¹
151 2910 182 2957 ln
194 2909 317 2958 Cannensi
328 2909 416 2971 legitur
426 2913 543 2958 contrario
555 2926 637 2971 sensu,
649 2932 663 2959 a
675 2912 746 2971 vobis,
758 2914 824 2974 quod
835 2923 916 2962 tamen
929 2916 955 2962 in
966 2915 1035 2964 hunc
1045 2898 1129 2964 locum

95 2991 267 3051 conquadrat.
883 2976 888 2987 ⁸

122 3070 132 3101 ⁸
150 3069 227 3118 Hunc
243 3070 327 3119 locum
346 3071 431 3119 iisdem
447 3073 524 3119 verbis
540 3072 623 3120 laudat
640 3076 746 3123 lrenaeus
757 3077 810 3123 adr.
823 3075 909 3123 Heres.
920 3075 963 3124 lib.
977 3077 1010 3124 iii.
1023 3091 1076 3140 cap.
1094 3088 1131 3127 ιι.

93 3147 149 3197 licet
159 3148 218 3197 alibi
229 3150 341 3211 Vulgatae
352 3146 487 3198 tersionem
499 3162 623 3214 sequatur.

121 3232 135 3260 ¹¹
152 3229 286 3278 Archelaus
297 3231 338 3277 hie
349 3240 458 3278 vetemm
469 3233 625 3292 quorundam
636 3233 735 3281 Patrum
746 3236 891 3282 sententiam
904 3235 1068 3296 amplectitur,
1086 3240 1129 3298 qui

91 3308 172 3357 solum
184 3309 269 3358 Deum
284 3311 471 3373 incorporeum,
489 3311 581 3373 reliqua
597 3328 653 3360 vero
670 3312 848 3362 creata'omnia
864 3329 977 3376 corporea
990 3300 1044 3364 'csse
1061 3328 1131 3379 puta-

92 3397 158 3446 runt,
169 3390 234 3451 quod
251 3383 341 3451 nempe
357 3390 411 3437 loco
429 3392 620 3453 circumscripta,
638 3394 663 3440 in
680 3409 705 3441 se
722 3395 779 3454 ipsis
795 3394 967 3455 subsisterent3
984 3395 1040 3443 licet
1056 3400 1131 3447 nostri

91 3478 211 3532 respectu,
228 3470 272 3531 qui
291 3483 369 3517 crassa
386 3480 411 3517 et
427 3471 501 3518 densa
517 3485 616 3533 corpora
632 3473 762 3530 habemus,
780 3474 930 3536 incorporeos
946 3476 993 3524 dici
1009 3487 1131 3538 putarent.

70 3549 153 3597 Vade
173 3549 322 3610 Dionysium
344 3550 468 3597 Petavium
485 3559 553 3596 torno
571 3552 639 3598 tertio
659 3552 865 3612 Theologicnrum
888 3556 1032 3616 dogmatum
1052 3557 1119 3607 lib.'
1112 3574 1129 3608 ι.

91 3641 144 3692 cap.
156 3641 181 3678 a.
198 3638 222 3677 et
236 3630 403 3690 sequentibus,
416 3631 457 3678 ubi
469 3629 586 3678 latissime
596 3633 712 3679 omnium
724 3632 822 3680 Patrum
834 3647 863 3679 ea
872 3635 902 3681 de
913 3649 937 3681 re
947 3638 1077 3685 sententias
1088 3652 1130 3686 ex-

88 3711 182 3770 pendit.

120 3794 135 3823 ¹
152 3792 231 3849 Forte,
242 3790 357 3849 rariorem,
369 3801 492 3840 utsensus
503 3793 596 3840 sitnon
611 3794 697 3841 debere
714 3754 840 3841 Manetem
855 3794 977 3854 judicium
993 3798 1128 3858 admittere,

86 3886 147 3921 curu
157 3871 211 3931 ejus
222 3873 336 3936 dogmata
346 3875 376 3920 de
386 3875 497 3931 homine,
506 3873 636 3935 etAngelis
644 3874 737 3933 judicio
748 3876 910 3923 adversentur.
933 3877 962 3924 In
973 3892 1051 3938 graeco
1060 3879 1128 3930 enim

87 3961 157 4000 textu
167 3952 245 4024 hujus
254 3952 459 4023 disputationis,’
446 3954 546 4016 αναιριῖι,
558 3954 656 4002 fortasse
668 3956 785 4016 scripturn
802 3965 861 4014 erat,
872 3957 938 4017 quod
949 3972 1008 4005 cum
1019 3961 1128 4009 occidere

87 4031 185 4092 pariter,
196 4044 225 4078 ac
236 4031 339 4088 auferre,
349 4040 373 4078 et
384 4019 413 4078 de
425 4031 505 4078 medio
516 4031 600 4079 tollere
610 4031 741 4093 significet,
753 4033 858 4094 priorem
871 4048 971 4085 sensum
983 4047 1081 4087 secutus
1092 4051 1128 4122 eat

89 4123 141 4158 nott
152 4112 211 4158 satis
222 4120 360 4170 accuratus,
372 4125 419 4191 nec
430 4101 485 4159 satis
497 4111 593 4172 elegans
605 4113 719 4175 antiquus
730 4113 853 4175 interpres.

517 4223 698 4272 ¹Jnan.i..18

584 4324 635 4372 1³3
714 4301 718 4308 ¹
