2684 4740
180 312 243 384 ¹74
279 294 517 364 Ascurum
538 297 595 367 er
613 299 820 368 orsurus
839 297 1133 371 orsrursrro.

173 467 249 532 dum
272 467 421 531 mondum
444 467 482 532 de
505 477 644 552 peccato,
663 478 695 534 et
716 466 755 534 de
774 470 961 556 ¹irrjrrstitlo.
1005 473 1145 539 Sicutet
1159 475 1231 562 qul,

174 591 249 642 ante
268 597 322 640 me
343 577 459 641 missus
481 591 530 641 est
553 577 681 658 Paulus,
702 577 766 643 'ex
783 590 877 664 porte
897 582 985 659 seire,
1008 592 1101 647 etex
1120 594 1216 668 purte

168 685 412 773 prophetarem
434 686 525 766 dixit,
548 688 628 751 mihi
650 710 822 767 reservans,
841 687 929 775 quod
950 690 1130 776 perfectum
1152 702 1214 774 est,

173 811 210 863 ut
223 796 287 861 hoc
302 796 391 883 quod
405 818 444 861 ex
458 810 550 882 parte
562 809 623 876 est,
639 796 813 862 destruam.
857 797 1003 863 Tertium
1023 819 1104 884 ergo
1122 801 1212 866 testi·

171 905 318 973 monium
333 903 480 990 accipite,
490 905 678 991 'apostolum
700 927 753 970 me
774 926 845 969 esse
859 904 981 971 Christi
994 907 1166 1000 electuris
1178 922 1212 976 et

169 1014 199 1081 si
214 1013 308 1080 vultis
321 1034 393 1079 mea
407 1013 502 1077 verba
516 1014 689 1100 suscipere,
705 1013 868 1079 invenietis
883 1014 1041 1093 s‘slutem3
1063 1000 1210 1083 nolentes

169 1137 292 1202 eutem,
313 1145 369 1188 vos
392 1135 530 1187 eternus
556 1123 640 1209 ignis
665 1123 834 1187 absumere
855 1120 964 1188 habet.
1007 1121 1101 1188 Sicut
1122 1125 1209 1192 enini

170 1232 373 1320 Hymenaeus
390 1243 423 1295 et
444 1231 777 1297 Alexander⁹trodlti
799 1242 871 1297 suut
891 1231 1033 1311 Sutonoe,
1054 1243 1092 1297 ut
1110 1233 1209 1298 disce·

166 1351 238 1407 rent
253 1365 314 1407 non
328 1339 540 1425 blasphemare
546 1367 560 1419 ,-
578 1342 670 1407 itaet
684 1363 741 1406 vos
756 1362 869 1406 omnes
882 1362 1051 1427 poensrum
1067 1343 1208 1431 Prisoipi

120 1486 123 1495 ·
166 1450 348 1529 trademini,
362 1466 420 1536 pro
435 1471 475 1514 eo
489 1448 577 1536 quod
590 1471 704 1514 manus
719 1448 872 1538 injecistis
885 1449 918 1514 in
931 1463 1060 1536 patrem
1069 1450 1205 1532 Christi,

164 1582 241 1626 cum
255 1581 331 1624 eum
346 1557 452 1625 dicitis
466 1579 594 1623 causam
609 1579 679 1623 esse
693 1559 838 1623 omnium
853 1557 1025 1640 malorum,
1039 1573 1073 1625 et
1090 1562 1205 1627 condi·

165 1682 266 1734 torem
282 1666 457 1755 injustitiae,
470 1679 503 1730 et
518 1666 618 1732 totius
634 1666 811 1754 iniquitatis
825 1678 1018 1748 creatorem,
1033 1690 1073 1734 ex
1087 1669 1204 1737 eodem

162 1779 253 1866 lente
271 1777 398 1842 dulcem
418 1789 453 1842 et
474 1798 615 1843 amaram
637 1775 849 1862 producentes
869 1798 1008 1864 aquamz
1031 1778 1122 1864 quod
1135 1779 1204 1845 fieri

162 1899 221 1953 aut
232 1885 371 1971 intelligi
385 1885 473 1950 nulla
490 1885 612 1950 ratione
625 1885 777 1972 possibile
792 1897 853 1955 est.
892 1886 958 1952 Cui
971 1887 1057 1953 enirn
1071 1902 1204 1977 oportet

108 1980 111 1985 ¹
161 1994 268 2064 credi?
292 1994 453 2080 magistris
476 1995 585 2060 vestris
609 1995 690 2075 istis,
712 1995 768 2082 qui
792 1995 941 2061 semibus
963 2006 1148 2079 vescuntur,
1170 2010 1204 2066 et

159 2101 410 2169 affluentissimis
432 2101 553 2168 deliciis
574 2105 793 2189 perfruuntur,
814 2117 870 2169 sut
890 2105 1046 2171 Salvatori
1068 2105 1202 2174 Christo

158 2214 239 2281 lesu
265 2211 395 2292 dicenti,
418 2212 502 2278 sicut
527 2214 682 2299 scripturn
705 2226 756 2279 est
779 2215 816 2278 in
833 2213 1082 2301 Evangeliorum
1104 2215 1202 2296 libro,

162 2322 254 2392 ¹:Non
271 2332 373 2408 potest
395 2320 486 2388 orbor
504 2320 582 2386 bona
603 2322 702 2386 malos
711 2322 845 2410 fructus
855 2322 979 2409 facere,
993 2346 1093 2412 neque
1110 2325 1202 2391 orbor

158 2431 245 2499 moll
260 2430 624 2518 bonossrrrctussecere?
647 2433 689 2498 Et
703 2431 767 2496 elio
783 2431 815 2496 in
830 2432 916 2511 loco,
928 2445 1051 2518 patrem
1065 2434 1200 2515 diaboli,

156 2542 343 2621 mendacem,
359 2551 390 2605 et
409 2539 596 2605 homicidam
615 2540 652 2604 ab
674 2540 762 2605 initio
778 2563 848 2606 esse
863 2541 1042 2607 confirmat.
1081 2557 1099 2590 ¹¹
1111 2546 1199 2610 Rur-

154 2677 228 2723 sum
254 2655 447 2722 desiderium
471 2656 569 2720 fuisse
595 2654 745 2735 tenebris,
771 2668 808 2720 ut
835 2654 1081 2743 insequerentur
1102 2657 1198 2739 illud,

156 2765 246 2852 quod
261 2764 301 2829 de
315 2763 388 2829 luce
407 2764 498 2831 initio
514 2765 619 2830 fuerat
631 2765 793 2851 prolatum
809 2765 961 2846 verbum3
980 2778 1014 2830 et
1027 2765 1195 2834 inimicum

154 2874 320 2939 hominem
342 2873 540 2939 zizaniorum
561 2873 798 2954 seminatorem,
817 2875 872 2938 2et
894 2874 1074 2961 principem
1095 2876 1195 2942 seculi

154 2981 270 3049 mundi
290 2979 386 3068 hujus
408 2980 530 3060 Deum,
545 2982 601 3067 qui
621 2982 788 3048 hominum
805 2997 928 3049 mentes
942 2998 1085 3050 excecat
1104 3000 1142 3050 ut
1160 2986 1192 3051 iu

151 3089 318 3177 evangelio
342 3089 463 3155 Christi
485 3090 674 3156 deserviant.
720 3094 832 3157 Bonus
853 3106 903 3157 est
924 3091 986 3156 iste
1008 3093 1114 3174 Deus,
1137 3093 1191 3182 qui

152 3225 229 3270 suos
244 3201 391 3267 homines
405 3203 516 3268 salvari
530 3226 594 3267 non
610 3203 696 3268 vult?
718 3206 773 3284 Et,
788 3220 825 3269 ut
839 3225 879 3268 ne
894 3205 997 3269 multa
1010 3204 1075 3270 alia
1088 3207 1190 3271 revol-

152 3336 235 3393 vam,
248 3328 282 3381 et
301 3312 438 3400 spatium
463 3313 615 3399 temporis
636 3313 792 3391 obteram,
808 3334 888 3379 verae
902 3312 1057 3378 doctrinae
1071 3314 1189 3381 ¹diffe.

160 3601 163 3607 Ι
182 3541 189 3572 ¹
207 3543 308 3590 Videtur
318 3540 359 3586 hic
370 3539 437 3586 locus
447 3553 461 3586 a
471 3539 579 3596 Manete,
591 3538 629 3587 vel
644 3539 675 3587 ab
690 3541 801 3602 imperito
817 3540 912 3588 librario
926 3549 1054 3602 corruptus
1062 3559 1070 3601 ;
1088 3557 1149 3591 nam
1161 3544 1185 3593 in

147 3637 216 3672 sacro
227 3631 305 3677 textu,
309 3617 412 3682 justitia,
423 3619 535 3680 scribitur
545 3621 664 3668 contrario
673 3635 755 3668 sensu.
789 3621 861 3668 Varia
872 3629 955 3668 autem
966 3620 1045 3668 Sacrae
1056 3621 1187 3685 Scriptura

148 3706 203 3754 loca
212 3702 293 3752 dolose
304 3700 467 3763 interpolasse,
477 3709 549 3762 atque
565 3701 699 3763 corrupisse
714 3702 840 3750 Manetem
855 3703 941 3749 diserte
955 3702 1090 3750 Archelaus
1104 3706 1189 3753 assent

148 3788 212 3836 infre
221 3799 275 3846 esp.
286 3792 325 3832 5³·
337 3791 362 3830 et
371 3797 402 3830 es
413 3781 550 3844 Epiphanio
558 3780 680 3843 colligitur
691 3784 717 3831 in
727 3783 838 3843 ejusdem
849 3783 933 3830 haeresi
944 3798 1015 3831 num.
1027 3791 1067 3832 56.

180 3869 192 3896 ¹
209 3864 309 3912 Videtur
318 3860 432 3923 respicere
443 3860 530 3908 Manes
541 3861 572 3908 ad
583 3859 624 3909 ills
634 3860 705 3909 Joen.
715 3862 730 3910 i.
740 3872 763 3911 s.
776 3861 810 3908 Er
821 3860 914 3908 renebrae
928 3877 976 3907 eune
991 3876 1034 3907 m
1049 3863 1191 3925 conpulsa·-

145 3946 233 3994 derunt.

179 4035 192 4063 x
210 4027 239 4073 ln
251 4023 343 4080 codice,
354 4021 479 4069 cistrensi
490 4019 593 4068 disserens
602 4020 697 4084 legitur.

208 4124 221 4158 ⁸
239 4128 378 4178 1Cor.xiii.
388 4138 411 4178 o·
737 4128 752 4163 ⁹
771 4127 974 4176 1Timorh.i.so.

208 4213 218 4245 ¹
237 4211 349 4262 Mansit.
360 4219 397 4259 rs.
414 4208 594 4259 transiisse.
739 4207 752 4238 ²
768 4208 830 4257 Mat.
839 4209 890 4257 xiii.
901 4219 941 4258 os.
958 4208 1064 4272 spnvr.
1075 4216 1117 4261 re.
