2684 4740
426 315 757 384 ARCHELAUS.
1039 334 1112 394 „121

84 494 248 570 geniumque
268 491 389 559 redolet,
412 494 481 550 satis
503 511 644 570 superque
666 492 889 556 demonstratur,
908 491 1115 557 verumetiam

80 573 203 646 pluribus
218 574 281 631 aliis
297 576 472 648 argumentis
486 573 641 631 fortissime
655 573 805 629 evincitur.
847 572 963 648 Quippe
983 573 1011 627 in
1029 571 1114 649 hujus

76 652 279 733 disputationis
299 674 361 732 cap.
376 654 436 710 viii.
455 655 499 711 ita
518 655 656 729 loquitur,
673 653 741 709 Cum
760 655 845 726 igitur
865 655 931 709 lanu
950 672 1024 717 onies,
1043 655 1115 727 quod

64 740 156 809 egnit,
171 740 337 801 aainrmm,
355 737 460 791 maulia
480 738 628 791 tradiderit
645 737 744 809 putris,
762 742 925 808 perrrrarueut
946 736 1000 790 illa
1022 737 1054 789 iu⁴
1071 753 1116 790 co·

50 813 170 881 ,buno
184 819 291 891 gloria,
305 819 376 890 quod
394 824 506 872 uocatur
525 820 567 872 nir
585 815 731 890 perfectus.
765 816 821 870 Hic
839 823 930 871 autem
950 818 992 871 vir
1013 823 1051 870 est
1072 834 1116 871 co-

42 894 170 961 ,lustau
183 900 262 963 lucu.
290 897 362 958 011ae
376 895 464 952 verba
477 897 519 952 ita
529 893 664 970 leguntur
679 898 707 951 in
723 913 817 970 greca
830 896 905 995 apud
920 895 1116 998 Epiphaniam

56 980 217 1037 versione.
252 982 304 1043 Τῆς
318 974 358 1034 nris
371 976 475 1041 σιλῆιης
488 975 703 1051 perediam
675 1003 718 1034 ror
732 979 812 1049 γόμον
825 983 874 1033 τῶν
888 978 993 1049 ψυχῶν,
1008 982 1061 1040 τοῖς
1075 981 1118 1033 αἶ-

36 1084 121 1129 Aaou
136 1084 183 1117 ‘rev
196 1059 299 1137 πατρὸς
312 1064 505 1160 οιςαμίιουσυ
524 1061 546 1115 ir
564 1082 598 1115 ‘ru
620 1059 688 1132 ςῦλῳ
706 1062 751 1122 τῆς
772 1055 881 1124 δόξης,
869 1083 893 1122 ος
908 1063 1030 1114 καλεῖται
1044 1054 1118 1136 diupi

52 1147 181 1205 visana·
205 1136 312 1195 idi’
282 1167 329 1215 osup
348 1163 406 1203 ετος
425 1140 498 1201 ςῦλος
517 1137 554 1201 tel
573 1139 669 1210 φωτός.
705 1137 752 1193 Ex
767 1135 869 1211 qulbus
890 1147 980 1212 patet,
996 1136 1117 1194 latinum

31 1217 265 1295 interpretem
278 1237 436 1293 graecarum
450 1237 553 1273 vocum
567 1216 753 1273 simulitudine
768 1218 929 1293 deceptum,
945 1236 996 1293 pro
1011 1216 1069 1296 stip,
1086 1226 1119 1275 ut

45 1295 258 1378 Epiphanius
279 1299 413 1365 habet‚'
398 1295 461 1377 arip
482 1297 598 1373 legisse,
613 1308 642 1353 et
663 1317 728 1354 curn
749 1307 859 1354 vertere
877 1298 1032 1364 debuisset,
1049 1299 1118 1355 Per·

47 1388 189 1439 nunant
201 1383 280 1437 itta
270 1399 300 1435 ur
312 1383 439 1437 columna
449 1381 556 1453 gloria,
571 1397 630 1454 quoe
642 1388 755 1435 vocotur
768 1380 814 1433 o'e'r
830 1379 985 1454 perfectus,
1009 1380 1056 1434 air
1069 1399 1120 1437 nu·

53 1469 130 1518 tem
145 1465 197 1518 iste
209 1469 249 1517 eut
262 1463 387 1517 columna
400 1461 507 1532 lucu,
500 1479 592 1536 ipsum
607 1458 702 1515 male'
695 1470 913 1538 interpretatum
928 1460 1027 1524 fuisse,
1041 1460 1121 1524 Quod

51 1550 192 1599 vocata
211 1545 254 1598 uir
271 1541 427 1616 perfectus,-
449 1541 492 1597 liic
512 1549 603 1597 cutem
620 1543 663 1596 uir
680 1548 720 1597 ast
738 1542 862 1597 columna
882 1543 949 1597 tucis
959 1568 968 1607 ‚·
991 1543 1021 1596 iu
1035 1559 1120 1615 quem

52 1640 147 1681 sane
165 1641 294 1679 errorem
312 1642 372 1679 non
390 1622 548 1687 incidisset,
562 1622 586 1678 si
608 1621 644 1676 ad
664 1622 772 1696 Syriaci
792 1630 888 1676 textus
907 1621 1002 1685 fideus,
1018 1622 1047 1675 in
1063 1640 1121 1696 quo

53 1719 217 1778 magnum
234 1704 310 1759 inter
330 1712 481 1778 utramque
501 1721 600 1759 vocem
618 1701 769 1759 discrimen
791 1712 845 1766 est,
860 1703 1020 1757 versionem
1039 1719 1120 1758 suam

60 1783 267 1841 elaborasset.
309 1783 383 1840 Sunt
404 1792 434 1839 et
455 1782 517 1839 aliae
539 1782 667 1860 ejusdem
688 1783 852 1859 interpretis
870 1781 1122 1850 hallucinationes,

63 1883 113 1921 ex
128 1863 234 1939 quibus
252 1865 283 1921 id
302 1865 396 1942 ipsum
414 1865 623 1920 evidentissime
637 1862 792 1938 colligitur.
835 1862 981 1936 Siquidem
996 1882 1058 1939 cap.
1074 1863 1121 1920 vii.

65 1945 113 2001 ‹le
127 1946 238 2019 visenti
252 1945 354 2022 spiritu
368 1965 386 2003 a
398 1943 519 2001 Manete
531 1943 656 2001 conficto
670 1943 802 2019 loquens,
817 1944 857 1999 ait
864 1968 872 2013 3
893 1944 998 2000 Rursus
1012 1946 1069 2017 ipse
1081 1947 1123 2001 ui·

70 2044 142 2083 vans
153 2029 268 2100 spiritua
280 2029 383 2083 creunit
394 2028 553 2092 lutuinario,
566 2045 626 2099 quae
637 2032 700 2081 suut
713 2027 833 2099 reliquia
846 2027 959 2090 anima,-
972 2024 1080 2099 etfacit
1091 2042 1125 2081 ea

47 2108 283 2179 „firmamentum
306 2110 458 2173 circumire,
480 2114 508 2163 et
532 2110 630 2162 iterum
654 2110 756 2162 meavit
780 2116 892 2172 terram,
919 2114 946 2163 et
968 2114 1032 2162 sunt
1055 2112 1124 2163 octo.

80 2186 161 2243 Hine
183 2197 280 2243 antem
298 2196 380 2264 patet
400 2188 494 2264 ipsum
515 2206 609 2262 graeco
629 2186 784 2263 exemplari
806 2207 887 2243 usurn
907 2187 1006 2250 fuisse,
1021 2188 1124 2262 inquo

79 2268 222 2344 scriptum
239 2267 344 2335 fuerat,
357 2267 408 2326 rial
429 2267 455 2327 il
476 2267 552 2334 dard,
566 2267 612 2323 vel
634 2267 683 2324 rici
702 2266 732 2331 ii
753 2267 828 2336 iarn),
847 2287 912 2324 curn
932 2278 1030 2325 tamen
1049 2268 1125 2344 apud

81 2347 279 2425 Epiphaniam
293 2349 405 2423 legatur
418 2353 453 2414 εἰς
467 2346 520 2412 sliu
532 2347 607 2415 iaci,
619 2350 749 2422 octuplici
760 2352 863 2422 specie,·
878 2368 1023 2423 quassans
1037 2349 1125 2424 squi-

82 2429 199 2495 rocatio
216 2446 276 2485 non
297 2448 333 2485 ex
353 2429 481 2505 Syriaca,
496 2429 546 2485 sed
559 2448 594 2484 ex
609 2448 703 2503 graeca
716 2438 830 2485 tanturn
845 2430 944 2504 lingua
958 2430 1028 2485 oriri
1043 2437 1124 2503 pote·

82 2517 137 2565 rat.
179 2508 228 2564 Sic
243 2529 305 2586 cap.
318 2511 378 2566 viii.
392 2529 459 2587 pag.
475 2510 522 2568 14.
545 2511 639 2578 vertit,
659 2512 778 2586 effundet
789 2509 911 2584 famem,
932 2529 995 2565 cum
1017 2517 1126 2577 vertere

27 2636 56 2651 a
83 2588 240 2657 debuisset,
250 2598 364 2664 pestem,
379 2610 397 2647 a
410 2609 567 2665 gratarum
581 2609 684 2648 vocum
698 2591 783 2663 λιμὸς,
790 2590 896 2665 sumes,
911 2601 940 2645 et
953 2591 1050 2664 λοιμὸς,
1063 2607 1125 2664 pes-

84 2672 129 2737 tis,
144 2669 332 2735 similitudine
346 2671 494 2749 deceptus,
509 2681 541 2728 ut
561 2673 592 2728 in
611 2672 717 2729 nostris
732 2672 768 2727 ad
786 2690 851 2726 eum
870 2670 965 2727 locum
980 2672 1057 2725 notis
1071 2670 1125 2727 ob·

83 2750 268 2809 servavimus.
311 2751 358 2809 Sic
376 2771 438 2829 cap.
453 2753 492 2809 ix.
509 2771 575 2829 pag.
594 2752 639 2810 lu.
660 2769 714 2828 pro
735 2750 846 2817 ωῆσσοι,
868 2753 1002 2826 congelat,
1015 2750 1128 2826 frigore

84 2832 243 2906 adstringit,
259 2841 291 2887 nt
304 2842 349 2889 est
360 2832 435 2910 apud
449 2832 657 2910 Epiphaniam,
670 2831 774 2907 legisse
789 2832 900 2890 videtur
913 2831 1047 2899 vaicra,
1060 2849 1126 2911 per-

85 2914 166 2979 ertit,
189 2914 272 2969 utin
293 2913 398 2970 eisdem
420 2914 497 2969 uotis
519 2913 678 2971 docuimus.
719 2911 841 2969 Retinet
861 2914 948 2969 etiam
973 2912 1127 2971 nonnullas

79 3010 172 3063 ¹voces
195 3010 303 3068 grecas
327 2995 356 3049 in
381 2995 512 3051 versione
536 3011 598 3060 sua,
623 3002 662 3048 et.
675 2993 819 3051 interdum
843 2994 957 3070 quidem
984 2992 1127 3060 absolute,

85 3072 231 3129 interdum
252 3092 320 3129 vero
342 3073 440 3130 addita
460 3073 613 3130 earundem
635 3073 837 3150 explicatione,
855 3074 932 3150 quod
953 3075 1128 3150 utique-non

83 3151 213 3221 fecium,
237 3155 284 3229 qui
310 3154 425 3230 Syrisce
446 3155 584 3232 scriptum
606 3172 677 3230 opus
699 3154 838 3212 latinitati
861 3154 1006 3212 donasset.
1048 3154 1129 3212 Hinc

81 3232 206 3310 euplii.
229 3233 331 3291 talenti
357 3252 458 3290 vocem
480 3253 533 3311 pro
557 3234 685 3312 pondere
707 3245 852 3313 usurpat,
863 3255 921 3310 quo
944 3254 1030 3291 sensu
1053 3235 1130 3312 apud

86 3312 206 3377 Graecos
220 3333 278 3370 vox
290 3315 429 3382 reirascar,
443 3315 585 3371 interdum
604 3316 753 3393 accipitur.
796 3317 843 3372 Sic
862 3314 950 3393 paulo
969 3327 1047 3383 ante,
1065 3316 1131 3391 Ouid

85 3393 245 3460 voeabula
252 3395 353 3462 utitur,
373 3405 403 3450 et
423 3396 521 3452 statim
540 3395 638 3452 subdit
659 3415 694 3453 ex
714 3397 913 3453 emendatione
933 3405 1042 3461 nostra,
1057 3397 1131 3470 quud

82 3492 186 3541 sannen
198 3483 237 3531 art
250 3477 304 3538 tali
310 3500 321 3543 ,·
335 3474 380 3531 vel
395 3477 472 3533 utin
487 3476 611 3552 quodam
625 3475 933 3552 Regio-Alexandrino
947 3476 1046 3532 codice
1060 3476 1132 3552 legi-

87 3565 147 3623 tur,
160 3557 235 3630 quud
252 3575 347 3622 nomeu
368 3564 408 3613 est
428 3558 504 3624 alec,
518 3577 537 3617 ,a
551 3554 635 3624 adiu,
649 3557 770 3624 scilicet,
785 3577 849 3633 quae
863 3577 920 3613 vox
935 3576 1013 3631 eque
1028 3557 1129 3624 talum,

87 3647 177 3712 atque
194 3635 286 3703 aleam
306 3637 460 3712 significat,
475 3648 508 3695 ut
526 3640 555 3695 in
575 3638 681 3701 nostris
695 3639 732 3695 ad
745 3657 811 3695 eum
825 3637 920 3695 locum
934 3640 1023 3705 notis,
1039 3648 1069 3693 et
1082 3656 1131 3703 os·

82 3715 154 3783 ruth
170 3717 329 3814 appendice
347 3717 571 3776 observavimus.
609 3718 656 3773 Sic
670 3719 794 3794 denique
808 3719 941 3795 caprili.
956 3720 1007 3783 ait,
1022 3718 1134 3775 Lunum

81 3801 245 3872 upucrusin,
259 3800 451 3861 detrimentum
466 3803 539 3874 poti,
554 3818 640 3874 quam
660 3809 835 3876 postremam
849 3817 950 3863 vocem
969 3800 1072 3875 prioris
1086 3800 1133 3857 in-

85 3880 328 3954 terpretationem
343 3898 405 3937 esse
417 3899 503 3937 nemo
517 3899 576 3936 non
593 3880 678 3936 videt.

128 3956 235 4023 Refert
252 3959 433 4051 Epiphanius
448 3980 511 4038 cap.
524 3963 564 4018 xi.
578 3959 763 4026 Archelaum,
779 3971 846 4036 post
859 3959 992 4034 fugatum
1006 3980 1021 4015 e
1035 3960 1131 4024 Carris

78 4036 253 4107 Mnesteus,
267 4039 345 4102 de
320 4060 381 4118 eJus
397 4041 555 4105 adventu
546 4060 578 4097 1n
598 4039 792 4104 Diodoridem
808 4041 941 4105 Castrum
963 4061 980 4103 n
1000 4040 1133 4105 Diodoto

82 4118 148 4182 loci
162 4118 240 4182 illius
254 4120 423 4197 presbytero
436 4123 589 4184 certiorem
602 4121 724 4190 fectum,
739 4121 811 4185 duos
826 4123 862 4179 ad
875 4121 998 4179 eundern
1019 4119 1136 4179 Diodo-

83 4216 156 4263 rum
168 4201 269 4273 λόγους,
283 4201 341 4265 lunc
355 4212 409 4269 est,
425 4201 514 4259 libros
528 4202 698 4273 misissent
710 4220 809 4265 aarum
830 4202 954 4261 lectione
975 4198 1132 4266 instructus
