2684 4740
146 413 147 416 Ν
198 306 516 384 nucarum-nr
536 309 1058 379 Mnnnrrs-nrsnurnrro.
1089 324 1151 395 255

101 478 278 569 'etfrutrer
292 482 438 569 irrisoris
452 488 568 548 stant?
589 482 689 572 Quod
704 483 801 548 etiarn
817 482 844 546 si
859 481 913 546 ille
928 503 1025 546 ausus
1039 494 1088 545 est
1103 478 1155 543 di·

110 576 199 670 cere,
213 591 271 656 iilo
286 592 357 678 Ipso
373 594 546 678 potentior,
561 605 617 657 aut
632 590 738 679 major
751 613 821 655 esse
843 612 939 653 nemo
962 602 1082 676 potest,
1098 587 1155 678 qui

111 700 257 766 ostendit
277 701 370 766 nobis
393 713 542 779 matrem,
559 718 616 765 aut
630 702 744 765 fratres
760 722 859 779 suos3
883 699 960 763 ⁶sed
976 712 1008 763 et
1022 697 1156 763 Davidis

110 810 209 874 ‘lesse
224 809 458 896 non‘dignatur
476 809 599 874 audire.
635 810 815 895 Apostolus
837 811 948 872 Petrus
967 808 1155 895 Discipulo·

112 939 186 982 rum
201 918 347 982 omniurn
364 917 635 983 eminentissimus
650 931 728 982 tunc
743 939 918 1004 agnoscere
934 939 1008 982 eum
1025 918 1152 1004 potuit:

111 1027 325 1112 curnsinguli
340 1027 508 1112 opiniones
523 1048 607 1105 suas,
627 1048 707 1112 quas
730 1025 771 1088 de
796 1025 867 1110 ipso
890 1024 1062 1105 habebant,
1078 1047 1155 1112 pro·

112 1147 251 1215 merent,
279 1135 335 1213 ait,
360 1137 427 1200 lTu
450 1158 482 1200 es
509 1134 651 1200 Christus
667 1133 763 1221 filius
788 1135 851 1198 Dei
880 1135 955 1214 vivi,
985 1148 1019 1200 et
1044 1137 1153 1202 statim

111 1243 275 1309 beatificat
289 1267 361 1309 eum
383 1246 510 1323 diceus,
529 1245 684 1330 eronium
702 1243 851 1307 revelavit
875 1243 932 1306 tili
954 1246 1050 1309 Pater
1070 1268 1155 1311 meus

113 1353 259 1419 ccelesiis.
299 1354 382 1419 Vide
396 1367 517 1442 quanta
531 1355 572 1418 sit
588 1353 766 1417 differentia
779 1374 906 1432 eorum,
923 1377 996 1440 quae
1017 1356 1058 1419 ab
1075 1357 1155 1421 Jesu

113 1461 316 1529 dictasunt?
350 1465 403 1528 Illi
424 1465 509 1528 enirn
532 1464 588 1551 qui
611 1464 746 1543 dixerat,
769 1464 852 1527 Ecce
873 1475 973 1528 muter
997 1477 1052 1529 tua
1067 1465 1155 1550 furit

113 1586 191 1657 stat,
219 1579 396 1664 respondit,
428 1578 510 1664 Quae
534 1577 613 1641 milri
641 1588 686 1641 ert
713 1588 826 1655 muter,
852 1588 907 1640 uret
923 1577 1078 1662 fratres?
1113 1576 1154 1641 Ei

111 1701 221 1751 autem
240 1689 296 1775 qui
315 1687 406 1766 dixit,
425 1690 471 1752 Tu
486 1711 518 1752 es
534 1688 778 1774 Christnsfilirrr
798 1687 861 1751 Dei
881 1688 955 1766 vivi,
977 1685 1153 1751 beatitudi-

114 1816 202 1874 uem,
225 1796 547 1883 benedictionemque
570 1796 721 1861 restituit.
767 1797 801 1859 Si
824 1817 903 1881 ergo
928 1795 967 1859 de
988 1794 1153 1859 Marianis

114 1925 185 1968 csse
206 1925 281 1968 eum
303 1917 427 1984 uatum,
449 1906 604 1971 mentitur
618 1905 686 1991 ipse
700 1928 775 1969 cum
794 1907 888 1969 Petro
898 1929 907 1982 3
931 1904 958 1967 si
972 1918 1081 1968 autern
1099 1925 1153 1983 νε·-

113 2034 186 2076 rum
205 2011 284 2076 dicit
307 2014 431 2093 Petrus,
455 2014 523 2078 sine
542 2013 643 2079 dubio
663 2013 716 2077 ille
731 2015 817 2099 prior
833 2013 958 2077 fefellit.
1004 2011 1104 2079 Quod
1127 2013 1154 2076 si

113 2120 203 2207 prior
216 2120 341 2198 fefellit,
355 2143 485 2186 causam
501 2123 542 2187 ad
558 2124 754 2209 Scriptorem
767 2122 938 2209 rejicienda
950 2135 1011 2186 est.
1040 2124 1153 2186 Unum

113 2228 215 2314 igitur
239 2229 407 2294 Christum
430 2253 488 2294 nos
514 2232 633 2295 scimus
655 2253 725 2295 esse
751 2232 930 2297 secundum
954 2231 1152 2317 Apostolum

116 2338 265 2419 Paulum,
280 2339 374 2428 cujus
387 2341 519 2405 vocibus
541 2340 701 2406 credimus
723 2341 974 2405 consonantibus
998 2339 1154 2404 duntaxat

114 2445 265 2512 adventui
280 2447 362 2534 ejus.
903 2490 906 2495 ·

156 2552 318 2619 XLVIII.
342 2555 404 2620 His
427 2555 545 2620 auditis
564 2556 669 2620 turbae
692 2570 848 2642 permotae
871 2570 956 2635 sunt,
978 2556 1077 2621 veluti
1098 2575 1150 2620 ra·

113 2658 235 2725 tionem
256 2664 396 2728 veritatis
419 2664 669 2744 continentibus,
692 2678 726 2729 et
749 2665 912 2730 Archelao
935 2665 979 2729 nil
1001 2665 1152 2744 habente,

113 2769 203 2855 quod
217 2769 267 2834 his
280 2786 390 2857 posset
408 2794 588 2860 opponere3
612 2772 675 2837 hoc
699 2773 785 2837 enirn
808 2772 958 2837 indicavit
980 2773 1151 2852 turnultus,

114 2877 171 2962 qui
183 2876 336 2944 intereos
352 2896 481 2945 exortus
496 2881 600 2946 fuerat
609 2907 619 2961 ;
643 2881 699 2945 sed
716 2905 789 2946 cum
807 2881 982 2947 multitudo
998 2880 1155 2968 conquie··

113 2983 220 3064 visset,
248 2986 429 3052 Archelaus
456 2989 519 3053 hoc
548 2989 648 3054 modo
674 2991 851 3077 respondit.
895 2991 996 3056 Vocis
1018 2989 1151 3077 quidem
1263 3059 1264 3063 ,

112 3091 250 3156 Domini
272 3096 373 3159 nostri
395 3097 473 3160 Jesu
497 3095 620 3162 Christi
651 3097 758 3162 nullus
785 3100 906 3184 poterit
935 3121 1004 3163 esse
1032 3112 1150 3184 poten·

113 3199 189 3280 tior,
216 3202 244 3265 si
267 3225 371 3289 neque
394 3226 511 3267 nornen
535 3204 667 3290 aliquod
692 3206 815 3291 aequale
837 3207 868 3270 ei
886 3228 956 3271 esse
981 3207 1150 3287 invenitur,

112 3307 264 3394 'Propter
279 3313 361 3398 quod
375 3314 462 3376 Deus
483 3335 552 3376 eam
570 3313 736 3392 exultauit,
754 3313 790 3378 'et
814 3315 939 3380 donavit
959 3314 1011 3378 illi
1030 3312 1153 3395 nornen,

112 3417 195 3502 quod
217 3429 262 3482 est
285 3435 377 3504 super
399 3445 486 3484 omne
513 3444 621 3485 numen
632 3448 646 3501 ,·
676 3443 781 3508 neque
808 3423 840 3486 in
866 3423 1052 3488 testimonio
1077 3423 1150 3510 quis

112 3529 245 3614 aequalis
259 3531 289 3594 ei
302 3553 371 3594 esse
390 3533 519 3617 poterit,
538 3546 572 3596 et
591 3532 665 3596 ideo
687 3553 750 3618 ego
773 3532 858 3595 vocis
882 3532 953 3619 ejus
978 3533 1038 3597 tibi
1061 3533 1152 3599 testi·

106 3638 222 3710 monia
244 3640 417 3724 proferam,
440 3641 582 3726 primum
604 3639 736 3726 quidem
754 3639 928 3704 dissolvens
944 3640 1027 3720 haec,
1042 3664 1117 3728 quae
1131 3663 1152 3705 a

110 3758 145 3808 tc
166 3745 253 3810 dicta
275 3761 362 3828 sunt,
384 3749 432 3813 uti
453 3770 494 3813 ne
515 3748 615 3829 dicas,
639 3749 792 3836 quoniam
809 3770 867 3813 nec
883 3749 1019 3837 sibiipsi
1033 3772 1148 3816 conso-

110 3866 200 3935 nant,
215 3870 253 3921 ut
266 3868 316 3920 est
330 3857 388 3922 tibi
404 3857 606 3923 consuetudo
618 3856 756 3921 dicendi.
793 3856 853 3921 Ais
868 3857 955 3922 enim
971 3859 1046 3944 quia
1059 3880 1149 3939 eum,

107 4049 121 4083 d
138 4049 275 4098 casinensis
286 4052 365 4099 codex
376 4053 460 4100 David
468 4055 538 4101 Jesre.
574 4053 628 4115 (lor.
640 4052 998 4112 erhatrcs,etline217.caura
1009 4022 1153 4115 reponend.)¹
1166 4122 1169 4129 1

205 4194 422 4247 ‘Manui-ts.
544 4197 748 4246 tmanxvtrc.
806 4244 808 4249 ,
861 4193 1051 4258 ⁸l’hillp.ii.9·
1146 4238 1149 4244 .
