<?xml version="1.0" encoding="UTF-8"?>
<!DOCTYPE html PUBLIC "-//W3C//DTD XHTML 1.0 Transitional//EN"
    "http://www.w3.org/TR/xhtml1/DTD/xhtml1-transitional.dtd">
<html xmlns="http://www.w3.org/1999/xhtml" xml:lang="en" lang="en">
 <head>
  <title>
</title>
<meta http-equiv="Content-Type" content="text/html;charset=utf-8" />
  <meta name='ocr-system' content='tesseract 3.04.00' />
  <meta name='ocr-capabilities' content='ocr_page ocr_carea ocr_par ocr_line ocrx_word'/>
</head>
<body>
  <div class='ocr_page' id='page_1' title='image "./reliquiaesacrae10routgoog_0375.png"; bbox 0 0 2684 4740; ppageno 0'>
   <div class='ocr_carea' id='block_1_1' title="bbox 141 316 848 403">
    <p class='ocr_par' dir='ltr' id='par_1_1' title="bbox 141 316 848 403">
     <span class='ocr_line' id='line_1_1' title="bbox 141 316 848 403; baseline -0.031 0"><span class='ocrx_word' id='word_1_1' title='bbox 141 334 207 403; x_wconf 77' lang='lat'><strong>374</strong></span> <span class='ocrx_word' id='word_1_2' title='bbox 481 316 848 383; x_wconf 78' lang='lat' dir='ltr'><strong>Anuomrrours</strong></span> 
     </span>
    </p>
   </div>
   <div class='ocr_carea' id='block_1_2' title="bbox 148 487 1194 986">
    <p class='ocr_par' dir='ltr' id='par_1_2' title="bbox 148 487 1194 986">
     <span class='ocr_line' id='line_1_2' title="bbox 196 487 1187 576; baseline -0.002 -22"><span class='ocrx_word' id='word_1_3' title='bbox 196 492 229 554; x_wconf 85' lang='lat' dir='ltr'><strong>P.</strong></span> <span class='ocrx_word' id='word_1_4' title='bbox 239 502 312 565; x_wconf 81' lang='grc'><strong>347.</strong></span> <span class='ocrx_word' id='word_1_5' title='bbox 328 488 351 552; x_wconf 96' lang='lat' dir='ltr'><strong>l.</strong></span> <span class='ocrx_word' id='word_1_6' title='bbox 363 503 394 565; x_wconf 89' lang='lat'><strong>7.</strong></span> <span class='ocrx_word' id='word_1_7' title='bbox 415 487 629 566; x_wconf 63' lang='grc' dir='ltr'><strong>Ἀσκληπιάδης</strong></span> <span class='ocrx_word' id='word_1_8' title='bbox 643 494 657 552; x_wconf 80' lang='grc' dir='ltr'><strong>ὁ</strong></span> <span class='ocrx_word' id='word_1_9' title='bbox 671 489 779 576; x_wconf 67' lang='grc' dir='ltr'><strong>ἰατρὸς]</strong></span> <span class='ocrx_word' id='word_1_10' title='bbox 792 487 882 552; x_wconf 83' lang='lat' dir='ltr'>Idem</span> <span class='ocrx_word' id='word_1_11' title='bbox 896 487 1054 553; x_wconf 89' lang='lat' dir='ltr'><strong>Corsinus</strong></span> <span class='ocrx_word' id='word_1_12' title='bbox 1067 509 1102 573; x_wconf 95' lang='lat' dir='ltr'><strong>p.</strong></span> <span class='ocrx_word' id='word_1_13' title='bbox 1111 487 1187 553; x_wconf 78' lang='lat' dir='ltr'><strong>xxvi.</strong></span> 
     </span>
     <span class='ocr_line' id='line_1_3' title="bbox 148 573 1189 661; baseline -0.003 -21"><span class='ocrx_word' id='word_1_14' title='bbox 148 574 399 661; x_wconf 90' lang='lat' dir='ltr'><strong>“Asclepiades</strong></span> <span class='ocrx_word' id='word_1_15' title='bbox 421 575 586 654; x_wconf 80' lang='lat' dir='ltr'><strong>Prusiade,</strong></span> <span class='ocrx_word' id='word_1_16' title='bbox 609 575 670 654; x_wconf 87' lang='lat' dir='ltr'><strong>vel,</strong></span> <span class='ocrx_word' id='word_1_17' title='bbox 687 589 726 641; x_wconf 87' lang='lat' dir='ltr'><strong>ut</strong></span> <span class='ocrx_word' id='word_1_18' title='bbox 746 588 841 640; x_wconf 86' lang='lat' dir='ltr'><strong>antea</strong></span> <span class='ocrx_word' id='word_1_19' title='bbox 863 573 1044 654; x_wconf 73' lang='lat' dir='ltr'><strong>dicebatur,</strong></span> <span class='ocrx_word' id='word_1_20' title='bbox 1061 574 1118 651; x_wconf 76' lang='lat' dir='ltr'><strong>Gis</strong></span> <span class='ocrx_word' id='word_1_21' title='bbox 1139 573 1189 638; x_wconf 85' lang='lat' dir='ltr'><strong>Bi·</strong></span> 
     </span>
     <span class='ocr_line' id='line_1_4' title="bbox 148 656 1189 749; baseline 0.001 -24"><span class='ocrx_word' id='word_1_22' title='bbox 148 669 174 702; x_wconf 90' lang='lat'><strong>“</strong></span> <span class='ocrx_word' id='word_1_23' title='bbox 188 662 312 749; x_wconf 82' lang='lat' dir='ltr'><strong>thyniae</strong></span> <span class='ocrx_word' id='word_1_24' title='bbox 335 661 416 726; x_wconf 90' lang='lat' dir='ltr'><strong>urbe</strong></span> <span class='ocrx_word' id='word_1_25' title='bbox 437 677 544 740; x_wconf 88' lang='lat' dir='ltr'><strong>natus,</strong></span> <span class='ocrx_word' id='word_1_26' title='bbox 567 663 740 727; x_wconf 90' lang='lat' dir='ltr'><strong>oratoriam</strong></span> <span class='ocrx_word' id='word_1_27' title='bbox 762 661 918 748; x_wconf 90' lang='lat' dir='ltr'><strong>primum,</strong></span> <span class='ocrx_word' id='word_1_28' title='bbox 932 683 1012 726; x_wconf 86' lang='lat' dir='ltr'><strong>mox</strong></span> <span class='ocrx_word' id='word_1_29' title='bbox 1033 656 1189 726; x_wconf 81' lang='lat' dir='ltr'><strong>medicam</strong></span> 
     </span>
     <span class='ocr_line' id='line_1_5' title="bbox 149 747 1190 835; baseline -0.002 -23"><span class='ocrx_word' id='word_1_30' title='bbox 149 754 172 788; x_wconf 91' lang='lat'><strong>“</strong></span> <span class='ocrx_word' id='word_1_31' title='bbox 186 762 287 812; x_wconf 91' lang='lat' dir='ltr'><strong>artem</strong></span> <span class='ocrx_word' id='word_1_32' title='bbox 300 748 453 813; x_wconf 83' lang='lat' dir='ltr'><strong>excoluit.</strong></span> <span class='ocrx_word' id='word_1_33' title='bbox 497 749 643 835; x_wconf 90' lang='lat' dir='ltr'><strong>Pompeii</strong></span> <span class='ocrx_word' id='word_1_34' title='bbox 657 749 769 834; x_wconf 86' lang='lat' dir='ltr'><strong>magni</strong></span> <span class='ocrx_word' id='word_1_35' title='bbox 783 748 984 834; x_wconf 85' lang='lat' dir='ltr'><strong>temporibus</strong></span> <span class='ocrx_word' id='word_1_36' title='bbox 998 747 1124 827; x_wconf 89' lang='lat' dir='ltr'><strong>floruit,</strong></span> <span class='ocrx_word' id='word_1_37' title='bbox 1139 768 1190 810; x_wconf 84' lang='lat' dir='ltr'><strong>eo·</strong></span> 
     </span>
     <span class='ocr_line' id='line_1_6' title="bbox 148 831 1194 986; baseline -0.002 -87"><span class='ocrx_word' id='word_1_38' title='bbox 148 840 173 961; x_wconf 50' lang='lat' dir='ltr'><strong>z:</strong></span> <span class='ocrx_word' id='word_1_39' title='bbox 187 856 251 986; x_wconf 52' lang='lat' dir='ltr'><strong>gne</strong></span> <span class='ocrx_word' id='word_1_40' title='bbox 273 834 402 899; x_wconf 89' lang='lat' dir='ltr'><strong>medico</strong></span> <span class='ocrx_word' id='word_1_41' title='bbox 423 857 499 899; x_wconf 89' lang='lat' dir='ltr'><strong>usus</strong></span> <span class='ocrx_word' id='word_1_42' title='bbox 519 847 569 899; x_wconf 89' lang='lat' dir='ltr'><strong>est</strong></span> <span class='ocrx_word' id='word_1_43' title='bbox 590 835 720 914; x_wconf 90' lang='lat' dir='ltr'><strong>Cicero,</strong></span> <span class='ocrx_word' id='word_1_44' title='bbox 737 848 775 898; x_wconf 93' lang='lat' dir='ltr'><strong>ut</strong></span> <span class='ocrx_word' id='word_1_45' title='bbox 793 834 863 922; x_wconf 92' lang='lat' dir='ltr'><strong>ipse</strong></span> <span class='ocrx_word' id='word_1_46' title='bbox 883 848 1031 914; x_wconf 88' lang='lat' dir='ltr'><strong>testatur,</strong></span> <span class='ocrx_word' id='word_1_47' title='bbox 1045 835 1105 899; x_wconf 87' lang='lat' dir='ltr'><strong>lib.</strong></span> <span class='ocrx_word' id='word_1_48' title='bbox 1119 833 1141 898; x_wconf 94' lang='lat' dir='ltr'><strong>i·.</strong></span> <span class='ocrx_word' id='word_1_49' title='bbox 1155 831 1194 897; x_wconf 81' lang='lat' dir='ltr'><strong>de</strong></span> 
     </span>
    </p>
   </div>
   <div class='ocr_carea' id='block_1_3' title="bbox 148 918 1200 3075">
    <p class='ocr_par' dir='ltr' id='par_1_3' title="bbox 148 918 1200 3075">
     <span class='ocr_line' id='line_1_7' title="bbox 220 918 1192 1008; baseline -0.001 -23"><span class='ocrx_word' id='word_1_50' title='bbox 220 933 326 987; x_wconf 89' lang='lat' dir='ltr'><strong>ratore</strong></span> <span class='ocrx_word' id='word_1_51' title='bbox 340 942 412 1008; x_wconf 87' lang='lat' dir='ltr'><strong>cap.</strong></span> <span class='ocrx_word' id='word_1_52' title='bbox 430 937 478 985; x_wconf 86' lang='lat'><strong>14.</strong></span> <span class='ocrx_word' id='word_1_53' title='bbox 510 921 602 985; x_wconf 81' lang='lat' dir='ltr'>Vixit</span> <span class='ocrx_word' id='word_1_54' title='bbox 620 921 711 986; x_wconf 90' lang='lat' dir='ltr'><strong>annis</strong></span> <span class='ocrx_word' id='word_1_55' title='bbox 736 936 805 985; x_wconf 89' lang='grc'><strong>150.</strong></span> <span class='ocrx_word' id='word_1_56' title='bbox 841 919 1009 985; x_wconf 90' lang='lat' dir='ltr'><strong>Videndus</strong></span> <span class='ocrx_word' id='word_1_57' title='bbox 1033 918 1192 985; x_wconf 77' lang='lat' dir='ltr'>Fabricius</span> 
     </span>
     <span class='ocr_line' id='line_1_8' title="bbox 148 1005 1193 1095; baseline -0.001 -24"><span class='ocrx_word' id='word_1_58' title='bbox 148 1012 172 1049; x_wconf 91' lang='lat'><strong>“</strong></span> <span class='ocrx_word' id='word_1_59' title='bbox 187 1006 245 1071; x_wconf 88' lang='lat' dir='ltr'><strong>lib.</strong></span> <span class='ocrx_word' id='word_1_60' title='bbox 259 1008 299 1072; x_wconf 93' lang='lat' dir='ltr'><strong>vi.</strong></span> <span class='ocrx_word' id='word_1_61' title='bbox 315 1030 387 1095; x_wconf 88' lang='lat' dir='ltr'><strong>cap.</strong></span> <span class='ocrx_word' id='word_1_62' title='bbox 398 1025 429 1085; x_wconf 87' lang='lat'><strong>9.</strong></span> <span class='ocrx_word' id='word_1_63' title='bbox 441 1029 519 1094; x_wconf 84' lang='lat' dir='ltr'><strong>pag.</strong></span> <span class='ocrx_word' id='word_1_64' title='bbox 532 1020 582 1083; x_wconf 82' lang='grc'><strong>87.</strong></span> <span class='ocrx_word' id='word_1_65' title='bbox 612 1005 822 1093; x_wconf 80' lang='lat' dir='ltr'><strong>Asclepiades</strong></span> <span class='ocrx_word' id='word_1_66' title='bbox 835 1005 917 1072; x_wconf 85' lang='lat' dir='ltr'><strong>alter</strong></span> <span class='ocrx_word' id='word_1_67' title='bbox 928 1007 1057 1072; x_wconf 87' lang='lat' dir='ltr'><strong>Galeno</strong></span> <span class='ocrx_word' id='word_1_68' title='bbox 1072 1026 1193 1071; x_wconf 88' lang='lat' dir='ltr'><strong>memo·</strong></span> 
     </span>
     <span class='ocr_line' id='line_1_9' title="bbox 149 1090 1192 1180; baseline -0.002 -22"><span class='ocrx_word' id='word_1_69' title='bbox 149 1100 173 1134; x_wconf 90' lang='lat'>“</span> <span class='ocrx_word' id='word_1_70' title='bbox 188 1106 288 1173; x_wconf 86' lang='lat' dir='ltr'><strong>ratus,</strong></span> <span class='ocrx_word' id='word_1_71' title='bbox 302 1094 444 1158; x_wconf 81' lang='lat' dir='ltr'><strong>Nemnis</strong></span> <span class='ocrx_word' id='word_1_72' title='bbox 459 1095 747 1180; x_wconf 83' lang='lat' dir='ltr'><strong>proximorumque</strong></span> <span class='ocrx_word' id='word_1_73' title='bbox 762 1092 932 1158; x_wconf 84' lang='lat' dir='ltr'><strong>Caesarum</strong></span> <span class='ocrx_word' id='word_1_74' title='bbox 953 1106 1050 1158; x_wconf 86' lang='lat' dir='ltr'><strong>aetate</strong></span> <span class='ocrx_word' id='word_1_75' title='bbox 1069 1090 1192 1169; x_wconf 84' lang='lat' dir='ltr'><strong>floruit3</strong></span> 
     </span>
     <span class='ocr_line' id='line_1_10' title="bbox 149 1175 1193 1279; baseline -0.003 -35"><span class='ocrx_word' id='word_1_76' title='bbox 149 1186 172 1221; x_wconf 88' lang='lat'>“</span> <span class='ocrx_word' id='word_1_77' title='bbox 213 1179 468 1245; x_wconf 88' lang='lat' dir='ltr'><strong>uemadmodum</strong></span> <span class='ocrx_word' id='word_1_78' title='bbox 500 1179 541 1243; x_wconf 88' lang='lat' dir='ltr'><strong>C.</strong></span> <span class='ocrx_word' id='word_1_79' title='bbox 567 1179 763 1279; x_wconf 83' lang='lat' dir='ltr'><strong>Calpurnius</strong></span> <span class='ocrx_word' id='word_1_80' title='bbox 789 1178 997 1264; x_wconf 80' lang='lat' dir='ltr'><strong>Asclepiades</strong></span> <span class='ocrx_word' id='word_1_81' title='bbox 1030 1181 1134 1245; x_wconf 85' lang='lat' dir='ltr'><strong>Prusa·</strong></span> <span class='ocrx_word' id='word_1_82' title='bbox 1158 1175 1193 1241; x_wconf 85' lang='lat' dir='ltr'><strong>ad</strong></span> 
     </span>
     <span class='ocr_line' id='line_1_11' title="bbox 151 1203 1193 1415; baseline -0.003 -85"><span class='ocrx_word' id='word_1_83' title='bbox 151 1272 175 1306; x_wconf 89' lang='lat'>“</span> <span class='ocrx_word' id='word_1_84' title='bbox 189 1203 291 1353; x_wconf 59' lang='grc'><strong>1111111</strong></span> <span class='ocrx_word' id='word_1_85' title='bbox 317 1266 381 1329; x_wconf 91' lang='lat' dir='ltr'><strong>iam</strong></span> <span class='ocrx_word' id='word_1_86' title='bbox 397 1266 553 1331; x_wconf 89' lang='lat' dir='ltr'><strong>oriundus</strong></span> <span class='ocrx_word' id='word_1_87' title='bbox 566 1265 696 1352; x_wconf 73' lang='lat' dir='ltr'><strong>Trajani</strong></span> <span class='ocrx_word' id='word_1_88' title='bbox 719 1265 919 1352; x_wconf 83' lang='lat' dir='ltr'><strong>temporibus</strong></span> <span class='ocrx_word' id='word_1_89' title='bbox 935 1265 1023 1345; x_wconf 83' lang='lat' dir='ltr'><strong>vixit,</strong></span> <span class='ocrx_word' id='word_1_90' title='bbox 1038 1275 1193 1415; x_wconf 62' lang='lat' dir='ltr'><strong>natnupre</strong></span> 
     </span>
     <span class='ocr_line' id='line_1_12' title="bbox 150 1350 1194 1437; baseline -0.001 -22"><span class='ocrx_word' id='word_1_91' title='bbox 150 1357 173 1392; x_wconf 89' lang='lat'><strong><em>“</em></strong></span> <span class='ocrx_word' id='word_1_92' title='bbox 189 1373 274 1416; x_wconf 87' lang='lat' dir='ltr'><strong>anno</strong></span> <span class='ocrx_word' id='word_1_93' title='bbox 326 1350 388 1415; x_wconf 89' lang='lat' dir='ltr'><strong>.C.</strong></span> <span class='ocrx_word' id='word_1_94' title='bbox 404 1364 473 1416; x_wconf 85' lang='grc'><strong>840.</strong></span> <span class='ocrx_word' id='word_1_95' title='bbox 491 1351 756 1437; x_wconf 85' lang='lat' dir='ltr'><strong>septuagenarius</strong></span> <span class='ocrx_word' id='word_1_96' title='bbox 773 1351 904 1416; x_wconf 92' lang='lat' dir='ltr'><strong>interiit.</strong></span> <span class='ocrx_word' id='word_1_97' title='bbox 948 1351 1118 1416; x_wconf 85' lang='lat' dir='ltr'><strong>Fabricius</strong></span> <span class='ocrx_word' id='word_1_98' title='bbox 1140 1351 1150 1415; x_wconf 96' lang='lat' dir='ltr'><strong>i</strong></span> <span class='ocrx_word' id='word_1_99' title='bbox 1172 1350 1194 1414; x_wconf 90' lang='lat' dir='ltr'><strong>i·</strong></span> 
     </span>
     <span class='ocr_line' id='line_1_13' title="bbox 150 1436 1192 1525; baseline 0 -23"><span class='ocrx_word' id='word_1_100' title='bbox 150 1444 172 1479; x_wconf 89' lang='lat'>“</span> <span class='ocrx_word' id='word_1_101' title='bbox 188 1437 275 1516; x_wconf 90' lang='lat' dir='ltr'><strong>dem,</strong></span> <span class='ocrx_word' id='word_1_102' title='bbox 290 1461 323 1525; x_wconf 92' lang='lat' dir='ltr'><strong>p.</strong></span> <span class='ocrx_word' id='word_1_103' title='bbox 334 1452 381 1516; x_wconf 90' lang='lat'><strong>90.</strong></span> <span class='ocrx_word' id='word_1_104' title='bbox 418 1440 532 1523; x_wconf 90' lang='lat' dir='ltr'><strong>ltaque</strong></span> <span class='ocrx_word' id='word_1_105' title='bbox 552 1438 745 1524; x_wconf 82' lang='lat' dir='ltr'><strong>ambiguum</strong></span> <span class='ocrx_word' id='word_1_106' title='bbox 767 1436 874 1523; x_wconf 82' lang='lat' dir='ltr'><strong>plane,</strong></span> <span class='ocrx_word' id='word_1_107' title='bbox 896 1458 995 1525; x_wconf 89' lang='lat' dir='ltr'><strong>quem</strong></span> <span class='ocrx_word' id='word_1_108' title='bbox 1019 1458 1060 1502; x_wconf 83' lang='lat' dir='ltr'><strong>ex</strong></span> <span class='ocrx_word' id='word_1_109' title='bbox 1082 1436 1192 1502; x_wconf 87' lang='lat' dir='ltr'><strong>Ascle·</strong></span> 
     </span>
     <span class='ocr_line' id='line_1_14' title="bbox 151 1521 1192 1611; baseline -0.001 -22"><span class='ocrx_word' id='word_1_110' title='bbox 151 1530 174 1565; x_wconf 88' lang='lat'>“</span> <span class='ocrx_word' id='word_1_111' title='bbox 191 1524 295 1611; x_wconf 83' lang='lat' dir='ltr'><strong>piedis</strong></span> <span class='ocrx_word' id='word_1_112' title='bbox 308 1525 378 1589; x_wconf 86' lang='lat' dir='ltr'><strong>istis</strong></span> <span class='ocrx_word' id='word_1_113' title='bbox 392 1523 543 1610; x_wconf 89' lang='lat' dir='ltr'><strong>designet</strong></span> <span class='ocrx_word' id='word_1_114' title='bbox 555 1524 747 1588; x_wconf 89' lang='lat' dir='ltr'><strong>Plutarchus</strong></span> <span class='ocrx_word' id='word_1_115' title='bbox 759 1523 817 1588; x_wconf 94' lang='lat' dir='ltr'><strong>ubi</strong></span> <span class='ocrx_word' id='word_1_116' title='bbox 831 1523 923 1589; x_wconf 87' lang='lat' dir='ltr'><strong>variis</strong></span> <span class='ocrx_word' id='word_1_117' title='bbox 939 1523 971 1587; x_wconf 91' lang='lat' dir='ltr'><strong>in</strong></span> <span class='ocrx_word' id='word_1_118' title='bbox 987 1521 1070 1587; x_wconf 92' lang='lat' dir='ltr'><strong>locis</strong></span> <span class='ocrx_word' id='word_1_119' title='bbox 1082 1521 1192 1588; x_wconf 89' lang='lat' dir='ltr'><strong>Ascle·</strong></span> 
     </span>
     <span class='ocr_line' id='line_1_15' title="bbox 150 1608 1193 1758; baseline -0.002 -82"><span class='ocrx_word' id='word_1_120' title='bbox 150 1617 176 1652; x_wconf 87' lang='lat'>“</span> <span class='ocrx_word' id='word_1_121' title='bbox 190 1610 294 1698; x_wconf 88' lang='lat' dir='ltr'><strong>piadis</strong></span> <span class='ocrx_word' id='word_1_122' title='bbox 311 1609 479 1697; x_wconf 91' lang='lat' dir='ltr'><strong>opiniones</strong></span> <span class='ocrx_word' id='word_1_123' title='bbox 500 1611 642 1709; x_wconf 85' lang='lat' dir='ltr'><strong>exponit,</strong></span> <span class='ocrx_word' id='word_1_124' title='bbox 659 1632 762 1697; x_wconf 93' lang='lat' dir='ltr'><strong>quum</strong></span> <span class='ocrx_word' id='word_1_125' title='bbox 777 1623 912 1758; x_wconf 54' lang='lat' dir='ltr'><strong>uterpue</strong></span> <span class='ocrx_word' id='word_1_126' title='bbox 926 1608 968 1675; x_wconf 89' lang='lat' dir='ltr'><strong>de</strong></span> <span class='ocrx_word' id='word_1_127' title='bbox 983 1610 1080 1674; x_wconf 89' lang='lat' dir='ltr'><strong>rebus</strong></span> <span class='ocrx_word' id='word_1_128' title='bbox 1095 1608 1193 1674; x_wconf 90' lang='lat' dir='ltr'><strong>rnedi-</strong></span> 
     </span>
     <span class='ocr_line' id='line_1_16' title="bbox 153 1695 1194 1763; baseline -0.001 -1"><span class='ocrx_word' id='word_1_129' title='bbox 153 1703 178 1739; x_wconf 91' lang='lat'><strong>“</strong></span> <span class='ocrx_word' id='word_1_130' title='bbox 192 1698 239 1763; x_wconf 90' lang='lat' dir='ltr'><strong>cis</strong></span> <span class='ocrx_word' id='word_1_131' title='bbox 252 1697 353 1762; x_wconf 92' lang='lat' dir='ltr'><strong>libros</strong></span> <span class='ocrx_word' id='word_1_132' title='bbox 365 1697 411 1761; x_wconf 92' lang='lat' dir='ltr'><strong>ibi</strong></span> <span class='ocrx_word' id='word_1_133' title='bbox 423 1718 443 1760; x_wconf 87' lang='lat' dir='ltr'><strong>a</strong></span> <span class='ocrx_word' id='word_1_134' title='bbox 456 1696 601 1760; x_wconf 77' lang='lat' dir='ltr'><strong>Fabricio</strong></span> <span class='ocrx_word' id='word_1_135' title='bbox 614 1696 787 1760; x_wconf 90' lang='lat' dir='ltr'><strong>recensitos</strong></span> <span class='ocrx_word' id='word_1_136' title='bbox 798 1695 850 1759; x_wconf 84' lang='lat' dir='ltr'><strong>edi</strong></span> <span class='ocrx_word' id='word_1_137' title='bbox 873 1696 970 1760; x_wconf 90' lang='lat' dir='ltr'><strong>erit.&#39;’</strong></span> <span class='ocrx_word' id='word_1_138' title='bbox 985 1697 1072 1760; x_wconf 83' lang='lat' dir='ltr'><strong>Haec</strong></span> <span class='ocrx_word' id='word_1_139' title='bbox 1086 1695 1194 1761; x_wconf 88' lang='lat' dir='ltr'><strong>Corsi-</strong></span> 
     </span>
     <span class='ocr_line' id='line_1_17' title="bbox 152 1782 1194 1871; baseline -0.001 -23"><span class='ocrx_word' id='word_1_140' title='bbox 152 1806 225 1848; x_wconf 92' lang='lat' dir='ltr'><strong>nus.</strong></span> <span class='ocrx_word' id='word_1_141' title='bbox 268 1786 507 1871; x_wconf 78' lang='lat' dir='ltr'><strong>Quemcunque</strong></span> <span class='ocrx_word' id='word_1_142' title='bbox 529 1782 648 1845; x_wconf 88' lang='lat' dir='ltr'><strong>interea</strong></span> <span class='ocrx_word' id='word_1_143' title='bbox 667 1782 832 1845; x_wconf 90' lang='lat' dir='ltr'><strong>bominem</strong></span> <span class='ocrx_word' id='word_1_144' title='bbox 848 1782 1052 1866; x_wconf 87' lang='lat' dir='ltr'><strong>Asclepiadis</strong></span> <span class='ocrx_word' id='word_1_145' title='bbox 1068 1782 1194 1847; x_wconf 80' lang='lat' dir='ltr'><strong>nomine</strong></span> 
     </span>
     <span class='ocr_line' id='line_1_18' title="bbox 152 1866 1191 1956; baseline -0.001 -23"><span class='ocrx_word' id='word_1_146' title='bbox 152 1869 291 1956; x_wconf 87' lang='lat' dir='ltr'><strong>scriptor</strong></span> <span class='ocrx_word' id='word_1_147' title='bbox 310 1869 362 1933; x_wconf 89' lang='lat' dir='ltr'><strong>De</strong></span> <span class='ocrx_word' id='word_1_148' title='bbox 382 1866 516 1932; x_wconf 80' lang='lat' dir='ltr'><strong>Placitir</strong></span> <span class='ocrx_word' id='word_1_149' title='bbox 534 1882 569 1932; x_wconf 90' lang='lat' dir='ltr'><strong>et</strong></span> <span class='ocrx_word' id='word_1_150' title='bbox 586 1867 766 1955; x_wconf 86' lang='lat' dir='ltr'><strong>Dionysius</strong></span> <span class='ocrx_word' id='word_1_151' title='bbox 784 1867 912 1953; x_wconf 82' lang='lat' dir='ltr'><strong>signare</strong></span> <span class='ocrx_word' id='word_1_152' title='bbox 932 1868 1099 1948; x_wconf 87' lang='lat' dir='ltr'><strong>volebant,</strong></span> <span class='ocrx_word' id='word_1_153' title='bbox 1120 1868 1191 1934; x_wconf 89' lang='lat' dir='ltr'><strong>dum</strong></span> 
     </span>
     <span class='ocr_line' id='line_1_19' title="bbox 152 1952 1193 2040; baseline 0.003 -23"><span class='ocrx_word' id='word_1_154' title='bbox 152 1953 232 2040; x_wconf 72' lang='grc' dir='ltr'><strong><em>ὄγκοι</em></strong></span> <span class='ocrx_word' id='word_1_155' title='bbox 252 1955 354 2018; x_wconf 90' lang='lat' dir='ltr'><strong>atomi</strong></span> <span class='ocrx_word' id='word_1_156' title='bbox 370 1953 423 2018; x_wconf 90' lang='lat' dir='ltr'><strong>hic</strong></span> <span class='ocrx_word' id='word_1_157' title='bbox 440 1954 659 2031; x_wconf 84' lang='lat' dir='ltr'><strong>nominantur,</strong></span> <span class='ocrx_word' id='word_1_158' title='bbox 676 1975 741 2016; x_wconf 92' lang='lat' dir='ltr'><strong>non</strong></span> <span class='ocrx_word' id='word_1_159' title='bbox 760 1958 774 2016; x_wconf 82' lang='grc' dir='ltr'>ὁ</span> <span class='ocrx_word' id='word_1_160' title='bbox 792 1952 875 2039; x_wconf 78' lang='grc' dir='ltr'><em>ὄγκος</em></span> <span class='ocrx_word' id='word_1_161' title='bbox 892 1953 1118 2040; x_wconf 88' lang='lat' dir='ltr'><strong>Asclepiades,</strong></span> <span class='ocrx_word' id='word_1_162' title='bbox 1132 1970 1193 2020; x_wconf 87' lang='lat' dir='ltr'><strong>tam</strong></span> 
     </span>
     <span class='ocr_line' id='line_1_20' title="bbox 151 2038 1195 2126; baseline 0.001 -21"><span class='ocrx_word' id='word_1_163' title='bbox 151 2039 380 2126; x_wconf 86' lang='lat' dir='ltr'><strong>Asclepiadem</strong></span> <span class='ocrx_word' id='word_1_164' title='bbox 395 2061 492 2126; x_wconf 91' lang='lat' dir='ltr'><strong>quam</strong></span> <span class='ocrx_word' id='word_1_165' title='bbox 515 2039 725 2104; x_wconf 89' lang='lat' dir='ltr'><strong>Heraclidem</strong></span> <span class='ocrx_word' id='word_1_166' title='bbox 745 2041 1013 2105; x_wconf 86' lang='lat' dir='ltr'><strong>commemoravit</strong></span> <span class='ocrx_word' id='word_1_167' title='bbox 1032 2040 1065 2105; x_wconf 92' lang='lat' dir='ltr'><strong>in</strong></span> <span class='ocrx_word' id='word_1_168' title='bbox 1086 2038 1145 2105; x_wconf 94' lang='lat' dir='ltr'><strong>lib.</strong></span> <span class='ocrx_word' id='word_1_169' title='bbox 1162 2041 1195 2106; x_wconf 83' lang='lat' dir='ltr'><strong>de</strong></span> 
     </span>
     <span class='ocr_line' id='line_1_21' title="bbox 150 2125 1194 2204; baseline 0 -12"><span class='ocrx_word' id='word_1_170' title='bbox 150 2126 272 2194; x_wconf 84' lang='lat' dir='ltr'><strong>Anima</strong></span> <span class='ocrx_word' id='word_1_171' title='bbox 289 2125 518 2203; x_wconf 86' lang='lat' dir='ltr'><strong>Tertullianus,</strong></span> <span class='ocrx_word' id='word_1_172' title='bbox 535 2126 621 2189; x_wconf 89' lang='lat' dir='ltr'><strong>hunc</strong></span> <span class='ocrx_word' id='word_1_173' title='bbox 640 2126 672 2189; x_wconf 94' lang='lat' dir='ltr'><strong>in</strong></span> <span class='ocrx_word' id='word_1_174' title='bbox 693 2147 722 2190; x_wconf 96' lang='lat' dir='ltr'><strong>c.</strong></span> <span class='ocrx_word' id='word_1_175' title='bbox 738 2143 770 2204; x_wconf 89' lang='lat'><strong>9.</strong></span> <span class='ocrx_word' id='word_1_176' title='bbox 789 2125 880 2190; x_wconf 92' lang='lat' dir='ltr'><strong>illum</strong></span> <span class='ocrx_word' id='word_1_177' title='bbox 903 2127 936 2189; x_wconf 92' lang='lat' dir='ltr'><strong>in</strong></span> <span class='ocrx_word' id='word_1_178' title='bbox 956 2148 986 2191; x_wconf 88' lang='lat' dir='ltr'><strong>c.</strong></span> <span class='ocrx_word' id='word_1_179' title='bbox 1003 2142 1054 2191; x_wconf 91' lang='grc'><strong>15.</strong></span> <span class='ocrx_word' id='word_1_180' title='bbox 1100 2127 1194 2192; x_wconf 89' lang='lat' dir='ltr'><strong>Porro</strong></span> 
     </span>
     <span class='ocr_line' id='line_1_22' title="bbox 152 2210 1195 2298; baseline 0.001 -20"><span class='ocrx_word' id='word_1_181' title='bbox 152 2225 329 2298; x_wconf 89' lang='lat' dir='ltr'><strong>utrumque</strong></span> <span class='ocrx_word' id='word_1_182' title='bbox 343 2210 425 2275; x_wconf 88' lang='lat' dir='ltr'><strong>inter</strong></span> <span class='ocrx_word' id='word_1_183' title='bbox 440 2211 631 2276; x_wconf 89' lang='lat' dir='ltr'><strong>vetustiores</strong></span> <span class='ocrx_word' id='word_1_184' title='bbox 646 2211 721 2276; x_wconf 93' lang='lat' dir='ltr'><strong>illos</strong></span> <span class='ocrx_word' id='word_1_185' title='bbox 735 2212 904 2276; x_wconf 90' lang='lat' dir='ltr'><strong>atomistas</strong></span> <span class='ocrx_word' id='word_1_186' title='bbox 917 2224 1063 2277; x_wconf 86' lang='lat' dir='ltr'><strong>recenset</strong></span> <span class='ocrx_word' id='word_1_187' title='bbox 1077 2211 1195 2279; x_wconf 84' lang='lat' dir='ltr'><strong>doetis-</strong></span> 
     </span>
     <span class='ocr_line' id='line_1_23' title="bbox 153 2297 1196 2382; baseline 0.002 -18"><span class='ocrx_word' id='word_1_188' title='bbox 153 2299 256 2364; x_wconf 89' lang='lat' dir='ltr'><strong>simus</strong></span> <span class='ocrx_word' id='word_1_189' title='bbox 274 2297 509 2376; x_wconf 87' lang='lat' dir='ltr'><strong>Cudworthus,</strong></span> <span class='ocrx_word' id='word_1_190' title='bbox 526 2319 608 2382; x_wconf 93' lang='lat' dir='ltr'><strong>quos</strong></span> <span class='ocrx_word' id='word_1_191' title='bbox 628 2319 693 2361; x_wconf 94' lang='lat' dir='ltr'><strong>non</strong></span> <span class='ocrx_word' id='word_1_192' title='bbox 709 2297 822 2361; x_wconf 88' lang='lat' dir='ltr'><strong>atheos</strong></span> <span class='ocrx_word' id='word_1_193' title='bbox 839 2319 919 2377; x_wconf 89' lang='lat' dir='ltr'><strong>esse,</strong></span> <span class='ocrx_word' id='word_1_194' title='bbox 935 2298 999 2362; x_wconf 89' lang='lat' dir='ltr'><strong>sive</strong></span> <span class='ocrx_word' id='word_1_195' title='bbox 1016 2299 1196 2366; x_wconf 88' lang='lat' dir='ltr'><strong>Democra-</strong></span> 
     </span>
     <span class='ocr_line' id='line_1_24' title="bbox 155 2381 1123 2469; baseline 0.001 -20"><span class='ocrx_word' id='word_1_196' title='bbox 155 2397 238 2463; x_wconf 89' lang='lat' dir='ltr'><strong>teos,</strong></span> <span class='ocrx_word' id='word_1_197' title='bbox 253 2383 409 2462; x_wconf 85' lang='lat' dir='ltr'><strong>credidit3</strong></span> <span class='ocrx_word' id='word_1_198' title='bbox 432 2384 495 2447; x_wconf 88' lang='lat' dir='ltr'><strong>vid.</strong></span> <span class='ocrx_word' id='word_1_199' title='bbox 511 2382 656 2468; x_wconf 72' lang='lat' dir='ltr'><strong>systema</strong></span> <span class='ocrx_word' id='word_1_200' title='bbox 670 2381 886 2448; x_wconf 74' lang='lat' dir='ltr'><strong>intellectuale</strong></span> <span class='ocrx_word' id='word_1_201' title='bbox 900 2406 971 2469; x_wconf 88' lang='lat' dir='ltr'><strong>cap.</strong></span> <span class='ocrx_word' id='word_1_202' title='bbox 987 2386 1007 2448; x_wconf 88' lang='lat' dir='ltr'><strong>i.</strong></span> <span class='ocrx_word' id='word_1_203' title='bbox 1024 2388 1057 2468; x_wconf 66' lang='grc' dir='ltr'><strong>ξ.</strong></span> <span class='ocrx_word' id='word_1_204' title='bbox 1073 2392 1123 2450; x_wconf 89' lang='grc'><strong>16.</strong></span> 
     </span>
     <span class='ocr_line' id='line_1_25' title="bbox 199 2469 1197 2554; baseline 0.003 -20"><span class='ocrx_word' id='word_1_205' title='bbox 199 2469 283 2536; x_wconf 89' lang='lat' dir='ltr'><strong>lbld.</strong></span> <span class='ocrx_word' id='word_1_206' title='bbox 306 2469 329 2533; x_wconf 92' lang='lat' dir='ltr'><strong>l.</strong></span> <span class='ocrx_word' id='word_1_207' title='bbox 355 2485 401 2533; x_wconf 90' lang='lat'><strong>10.</strong></span> <span class='ocrx_word' id='word_1_208' title='bbox 432 2477 500 2543; x_wconf 81' lang='grc' dir='ltr'><strong>Πῶς</strong></span> <span class='ocrx_word' id='word_1_209' title='bbox 528 2474 618 2532; x_wconf 79' lang='grc' dir='ltr'><strong><em>αὐτῶν</em></strong></span> <span class='ocrx_word' id='word_1_210' title='bbox 642 2469 821 2554; x_wconf 47' lang='lat' dir='ltr'><strong>irregularia</strong></span> <span class='ocrx_word' id='word_1_211' title='bbox 849 2470 924 2554; x_wconf 84' lang='lat' dir='ltr'><strong>&amp;c.]</strong></span> <span class='ocrx_word' id='word_1_212' title='bbox 954 2471 1128 2538; x_wconf 85' lang='lat' dir='ltr'><strong>Praefix-um</strong></span> <span class='ocrx_word' id='word_1_213' title='bbox 1152 2482 1197 2537; x_wconf 80' lang='lat' dir='ltr'><strong>est</strong></span> 
     </span>
     <span class='ocr_line' id='line_1_26' title="bbox 154 2555 1196 2645; baseline 0 -23"><span class='ocrx_word' id='word_1_214' title='bbox 154 2558 275 2622; x_wconf 82' lang='lat' dir='ltr'><strong>lemma</strong></span> <span class='ocrx_word' id='word_1_215' title='bbox 291 2556 354 2620; x_wconf 86' lang='lat' dir='ltr'><strong>hoc</strong></span> <span class='ocrx_word' id='word_1_216' title='bbox 370 2555 402 2619; x_wconf 86' lang='lat' dir='ltr'><strong>ln</strong></span> <span class='ocrx_word' id='word_1_217' title='bbox 419 2556 551 2620; x_wconf 85' lang='lat' dir='ltr'><strong>Eusebli</strong></span> <span class='ocrx_word' id='word_1_218' title='bbox 567 2555 677 2619; x_wconf 80' lang='lat' dir='ltr'><strong>libris:</strong></span> <span class='ocrx_word' id='word_1_219' title='bbox 698 2558 771 2619; x_wconf 81' lang='lat' dir='ltr'><strong>’Ari</strong></span> <span class='ocrx_word' id='word_1_220' title='bbox 791 2560 844 2619; x_wconf 79' lang='grc' dir='ltr'><strong>τῶν</strong></span> <span class='ocrx_word' id='word_1_221' title='bbox 862 2560 888 2618; x_wconf 81' lang='grc' dir='ltr'><strong>ἐν</strong></span> <span class='ocrx_word' id='word_1_222' title='bbox 905 2557 1060 2644; x_wconf 68' lang='grc' dir='ltr'><em>ἀνθρώποις</em></span> <span class='ocrx_word' id='word_1_223' title='bbox 1073 2560 1196 2645; x_wconf 73' lang='grc' dir='ltr'><strong>ὑποδειγ-</strong></span> 
     </span>
     <span class='ocr_line' id='line_1_27' title="bbox 154 2641 1198 2730; baseline 0.005 -24"><span class='ocrx_word' id='word_1_224' title='bbox 154 2645 262 2725; x_wconf 74' lang='grc' dir='ltr'><strong>μάτων.</strong></span> <span class='ocrx_word' id='word_1_225' title='bbox 285 2645 339 2705; x_wconf 80' lang='grc' dir='ltr'><strong>ἀπὸ</strong></span> <span class='ocrx_word' id='word_1_226' title='bbox 354 2650 402 2705; x_wconf 83' lang='grc' dir='ltr'><strong>τοῦ</strong></span> <span class='ocrx_word' id='word_1_227' title='bbox 418 2646 501 2705; x_wconf 71' lang='lat' dir='ltr'><strong>ariri.</strong></span> <span class='ocrx_word' id='word_1_228' title='bbox 529 2643 642 2706; x_wconf 83' lang='lat' dir='ltr'><strong>Rerum</strong></span> <span class='ocrx_word' id='word_1_229' title='bbox 656 2642 739 2706; x_wconf 84' lang='lat' dir='ltr'><strong>iuter</strong></span> <span class='ocrx_word' id='word_1_230' title='bbox 754 2641 889 2706; x_wconf 76' lang='lat' dir='ltr'><strong>homiues</strong></span> <span class='ocrx_word' id='word_1_231' title='bbox 900 2641 1084 2730; x_wconf 85' lang='lat' dir='ltr'><strong>vulgarium</strong></span> <span class='ocrx_word' id='word_1_232' title='bbox 1097 2668 1198 2710; x_wconf 80' lang='lat' dir='ltr'><strong>exem·</strong></span> 
     </span>
     <span class='ocr_line' id='line_1_28' title="bbox 152 2727 999 2815; baseline 0 -22"><span class='ocrx_word' id='word_1_233' title='bbox 152 2729 218 2815; x_wconf 83' lang='lat' dir='ltr'><strong>plis</strong></span> <span class='ocrx_word' id='word_1_234' title='bbox 235 2729 459 2814; x_wconf 81' lang='lat' dir='ltr'><strong>Epicureorum</strong></span> <span class='ocrx_word' id='word_1_235' title='bbox 474 2729 587 2814; x_wconf 83' lang='lat' dir='ltr'><strong>dogma</strong></span> <span class='ocrx_word' id='word_1_236' title='bbox 602 2727 772 2814; x_wconf 81' lang='lat' dir='ltr'><strong>refellitur.</strong></span> <span class='ocrx_word' id='word_1_237' title='bbox 809 2729 867 2791; x_wconf 80' lang='lat' dir='ltr'><strong>Ex</strong></span> <span class='ocrx_word' id='word_1_238' title='bbox 885 2727 999 2793; x_wconf 86' lang='lat' dir='ltr'><strong>eodem.</strong></span> 
     </span>
     <span class='ocr_line' id='line_1_29' title="bbox 200 2813 1198 2900; baseline 0.003 -23"><span class='ocrx_word' id='word_1_239' title='bbox 200 2815 284 2878; x_wconf 88' lang='lat' dir='ltr'><strong>Ibid.</strong></span> <span class='ocrx_word' id='word_1_240' title='bbox 299 2815 323 2879; x_wconf 91' lang='lat' dir='ltr'><strong>l.</strong></span> <span class='ocrx_word' id='word_1_241' title='bbox 338 2830 384 2877; x_wconf 86' lang='lat'><strong>12.</strong></span> <span class='ocrx_word' id='word_1_242' title='bbox 408 2814 454 2891; x_wconf 71' lang='lat' dir='ltr'><strong>nol</strong></span> <span class='ocrx_word' id='word_1_243' title='bbox 469 2817 535 2877; x_wconf 78' lang='grc' dir='ltr'><strong>καθ’</strong></span> <span class='ocrx_word' id='word_1_244' title='bbox 552 2814 648 2896; x_wconf 81' lang='grc' dir='ltr'><strong>ἑαυτὸ]</strong></span> <span class='ocrx_word' id='word_1_245' title='bbox 665 2816 714 2878; x_wconf 93' lang='lat' dir='ltr'><strong>Ut</strong></span> <span class='ocrx_word' id='word_1_246' title='bbox 737 2813 791 2878; x_wconf 93' lang='lat' dir='ltr'><strong>hic</strong></span> <span class='ocrx_word' id='word_1_247' title='bbox 813 2813 922 2878; x_wconf 91' lang='lat' dir='ltr'><strong>addidi</strong></span> <span class='ocrx_word' id='word_1_248' title='bbox 942 2815 1138 2900; x_wconf 88' lang='lat' dir='ltr'><strong>particulam</strong></span> <span class='ocrx_word' id='word_1_249' title='bbox 1155 2820 1198 2880; x_wconf 67' lang='grc' dir='ltr'><strong>καὶ</strong></span> 
     </span>
     <span class='ocr_line' id='line_1_30' title="bbox 155 2899 1200 2985; baseline 0.004 -22"><span class='ocrx_word' id='word_1_250' title='bbox 155 2921 194 2963; x_wconf 84' lang='lat' dir='ltr'><strong>ex</strong></span> <span class='ocrx_word' id='word_1_251' title='bbox 210 2901 308 2964; x_wconf 85' lang='lat' dir='ltr'><strong>MSto</strong></span> <span class='ocrx_word' id='word_1_252' title='bbox 328 2899 407 2964; x_wconf 86' lang='lat' dir='ltr'><strong>Cell.</strong></span> <span class='ocrx_word' id='word_1_253' title='bbox 427 2900 459 2963; x_wconf 91' lang='lat' dir='ltr'><strong>S.</strong></span> <span class='ocrx_word' id='word_1_254' title='bbox 474 2901 566 2963; x_wconf 84' lang='lat' dir='ltr'><strong>Joarr.</strong></span> <span class='ocrx_word' id='word_1_255' title='bbox 588 2899 805 2985; x_wconf 87' lang='lat' dir='ltr'><strong>desumptam,</strong></span> <span class='ocrx_word' id='word_1_256' title='bbox 826 2900 872 2963; x_wconf 91' lang='lat' dir='ltr'><strong>sic</strong></span> <span class='ocrx_word' id='word_1_257' title='bbox 891 2899 988 2964; x_wconf 89' lang='lat' dir='ltr'><strong>etiam</strong></span> <span class='ocrx_word' id='word_1_258' title='bbox 1009 2916 1089 2968; x_wconf 89' lang='lat' dir='ltr'><strong>ante</strong></span> <span class='ocrx_word' id='word_1_259' title='bbox 1110 2920 1200 2968; x_wconf 84' lang='lat' dir='ltr'><strong>voces</strong></span> 
     </span>
     <span class='ocr_line' id='line_1_31' title="bbox 157 2984 1200 3075; baseline 0.006 -27"><span class='ocrx_word' id='word_1_260' title='bbox 157 2985 208 3048; x_wconf 79' lang='grc' dir='ltr'>εἶδε</span> <span class='ocrx_word' id='word_1_261' title='bbox 223 2989 294 3070; x_wconf 75' lang='grc' dir='ltr'><strong>γὰρ,</strong></span> <span class='ocrx_word' id='word_1_262' title='bbox 310 2985 445 3048; x_wconf 90' lang='lat' dir='ltr'><strong>eandem</strong></span> <span class='ocrx_word' id='word_1_263' title='bbox 463 2986 599 3065; x_wconf 90' lang='lat' dir='ltr'><strong>restitui,</strong></span> <span class='ocrx_word' id='word_1_264' title='bbox 616 3008 690 3050; x_wconf 85' lang='lat' dir='ltr'><strong>nam</strong></span> <span class='ocrx_word' id='word_1_265' title='bbox 706 3007 747 3050; x_wconf 93' lang='lat' dir='ltr'><strong>eo</strong></span> <span class='ocrx_word' id='word_1_266' title='bbox 761 2986 836 3050; x_wconf 84' lang='lat' dir='ltr'><strong>loco</strong></span> <span class='ocrx_word' id='word_1_267' title='bbox 850 2985 940 3051; x_wconf 85' lang='lat' dir='ltr'><strong>itaet</strong></span> <span class='ocrx_word' id='word_1_268' title='bbox 956 2986 995 3051; x_wconf 88' lang='lat' dir='ltr'><strong>R.</strong></span> <span class='ocrx_word' id='word_1_269' title='bbox 1013 2984 1200 3075; x_wconf 67' lang='lat' dir='ltr'><strong>Stephanus}</strong></span> 
     </span>
    </p>
   </div>
   <div class='ocr_carea' id='block_1_4' title="bbox 131 3069 1204 4362">
    <p class='ocr_par' dir='ltr' id='par_1_4' title="bbox 157 3069 1147 3156">
     <span class='ocr_line' id='line_1_32' title="bbox 157 3069 1147 3156; baseline 0.002 -22"><span class='ocrx_word' id='word_1_270' title='bbox 157 3092 251 3156; x_wconf 76' lang='lat' dir='ltr'><strong>cujus</strong></span> <span class='ocrx_word' id='word_1_271' title='bbox 267 3070 414 3155; x_wconf 84' lang='lat' dir='ltr'><strong>princeps</strong></span> <span class='ocrx_word' id='word_1_272' title='bbox 428 3069 527 3134; x_wconf 91' lang='lat' dir='ltr'><strong>editio</strong></span> <span class='ocrx_word' id='word_1_273' title='bbox 542 3084 600 3135; x_wconf 88' lang='lat' dir='ltr'><strong>est.</strong></span> <span class='ocrx_word' id='word_1_274' title='bbox 1042 3102 1045 3106; x_wconf 93' lang='lat'>·</span> <span class='ocrx_word' id='word_1_275' title='bbox 1145 3147 1147 3152; x_wconf 23' lang='grc' dir='ltr'>Ι</span> 
     </span>
    </p>

    <p class='ocr_par' dir='ltr' id='par_1_5' title="bbox 156 3154 1204 4015">
     <span class='ocr_line' id='line_1_33' title="bbox 201 3154 1202 3246; baseline 0.009 -28"><span class='ocrx_word' id='word_1_276' title='bbox 201 3155 285 3219; x_wconf 89' lang='lat' dir='ltr'><strong>Ibid.</strong></span> <span class='ocrx_word' id='word_1_277' title='bbox 308 3154 331 3219; x_wconf 93' lang='lat' dir='ltr'><strong>l.</strong></span> <span class='ocrx_word' id='word_1_278' title='bbox 355 3162 401 3218; x_wconf 88' lang='lat'><strong>16.</strong></span> <span class='ocrx_word' id='word_1_279' title='bbox 436 3160 623 3243; x_wconf 70' lang='grc' dir='ltr'><strong>νουθετὲντοᾳ]</strong></span> <span class='ocrx_word' id='word_1_280' title='bbox 653 3157 924 3245; x_wconf 73' lang='lat' dir='ltr'><strong>Deesse&#39;aliquid</strong></span> <span class='ocrx_word' id='word_1_281' title='bbox 950 3158 1079 3227; x_wconf 90' lang='lat' dir='ltr'><strong>videtur</strong></span> <span class='ocrx_word' id='word_1_282' title='bbox 1106 3160 1202 3246; x_wconf 83' lang='lat' dir='ltr'><strong>(edita</strong></span> 
     </span>
     <span class='ocr_line' id='line_1_34' title="bbox 157 3242 1202 3329; baseline 0.007 -23"><span class='ocrx_word' id='word_1_283' title='bbox 157 3242 256 3306; x_wconf 89' lang='lat' dir='ltr'><strong>lectio</strong></span> <span class='ocrx_word' id='word_1_284' title='bbox 275 3242 379 3306; x_wconf 88' lang='lat' dir='ltr'><strong>fuerat</strong></span> <span class='ocrx_word' id='word_1_285' title='bbox 400 3242 630 3326; x_wconf 56' lang='lat' dir='ltr'><strong>leuberedum:</strong></span> <span class='ocrx_word' id='word_1_286' title='bbox 656 3246 798 3329; x_wconf 90' lang='lat' dir='ltr'><strong>pendent</strong></span> <span class='ocrx_word' id='word_1_287' title='bbox 819 3245 904 3308; x_wconf 90' lang='lat' dir='ltr'><strong>enim</strong></span> <span class='ocrx_word' id='word_1_288' title='bbox 928 3245 999 3323; x_wconf 86' lang='lat' dir='ltr'><strong>ista,</strong></span> <span class='ocrx_word' id='word_1_289' title='bbox 1023 3268 1087 3311; x_wconf 89' lang='lat' dir='ltr'><strong>nec</strong></span> <span class='ocrx_word' id='word_1_290' title='bbox 1107 3248 1202 3313; x_wconf 88' lang='lat' dir='ltr'><strong>verbo</strong></span> 
     </span>
     <span class='ocr_line' id='line_1_35' title="bbox 158 3327 1203 3416; baseline 0.004 -22"><span class='ocrx_word' id='word_1_291' title='bbox 158 3328 227 3394; x_wconf 95' lang='lat' dir='ltr'><strong>ullo</strong></span> <span class='ocrx_word' id='word_1_292' title='bbox 245 3327 433 3392; x_wconf 86' lang='lat' dir='ltr'><strong>fulciuntur.</strong></span> <span class='ocrx_word' id='word_1_293' title='bbox 478 3329 568 3416; x_wconf 72' lang='lat' dir='ltr'><strong>Quid</strong></span> <span class='ocrx_word' id='word_1_294' title='bbox 587 3330 613 3393; x_wconf 93' lang='lat' dir='ltr'><strong>si</strong></span> <span class='ocrx_word' id='word_1_295' title='bbox 634 3333 665 3407; x_wconf 74' lang='grc' dir='ltr'><strong>ἐξ</strong></span> <span class='ocrx_word' id='word_1_296' title='bbox 681 3328 728 3410; x_wconf 81' lang='grc' dir='ltr'><strong>ὧν,</strong></span> <span class='ocrx_word' id='word_1_297' title='bbox 744 3330 832 3416; x_wconf 92' lang='lat' dir='ltr'><strong>quod</strong></span> <span class='ocrx_word' id='word_1_298' title='bbox 853 3330 1001 3416; x_wconf 89' lang='lat' dir='ltr'><strong>sequitur.</strong></span> <span class='ocrx_word' id='word_1_299' title='bbox 1018 3333 1091 3414; x_wconf 90' lang='lat' dir='ltr'><strong>(lin.</strong></span> <span class='ocrx_word' id='word_1_300' title='bbox 1106 3333 1203 3415; x_wconf 83' lang='lat' dir='ltr'><strong>ead),</strong></span> 
     </span>
     <span class='ocr_line' id='line_1_36' title="bbox 157 3412 1202 3501; baseline 0.005 -23"><span class='ocrx_word' id='word_1_301' title='bbox 157 3414 347 3479; x_wconf 85' lang='lat' dir='ltr'><strong>tolleretur?</strong></span> <span class='ocrx_word' id='word_1_302' title='bbox 385 3412 475 3501; x_wconf 71' lang='lat' dir='ltr'><strong>Quid</strong></span> <span class='ocrx_word' id='word_1_303' title='bbox 496 3415 522 3479; x_wconf 90' lang='lat' dir='ltr'><strong>si</strong></span> <span class='ocrx_word' id='word_1_304' title='bbox 544 3428 619 3500; x_wconf 91' lang='lat' dir='ltr'><strong>post</strong></span> <span class='ocrx_word' id='word_1_305' title='bbox 639 3417 881 3499; x_wconf 68' lang='grc' dir='ltr'><em>παραδειγμάτων</em></span> <span class='ocrx_word' id='word_1_306' title='bbox 901 3415 1073 3481; x_wconf 90' lang='lat' dir='ltr'><strong>adderetur</strong></span> <span class='ocrx_word' id='word_1_307' title='bbox 1087 3433 1202 3501; x_wconf 75' lang='grc' dir='ltr'><strong>φιλοσο-</strong></span> 
     </span>
     <span class='ocr_line' id='line_1_37' title="bbox 157 3499 1203 3588; baseline 0.005 -25"><span class='ocrx_word' id='word_1_308' title='bbox 157 3508 263 3581; x_wconf 79' lang='grc' dir='ltr'><strong>φοῦσιν,</strong></span> <span class='ocrx_word' id='word_1_309' title='bbox 277 3513 334 3563; x_wconf 88' lang='lat' dir='ltr'><strong>aut</strong></span> <span class='ocrx_word' id='word_1_310' title='bbox 346 3499 432 3563; x_wconf 91' lang='lat' dir='ltr'><strong>aliud</strong></span> <span class='ocrx_word' id='word_1_311' title='bbox 449 3500 575 3564; x_wconf 81' lang='lat' dir='ltr'><strong>simile?</strong></span> <span class='ocrx_word' id='word_1_312' title='bbox 601 3500 691 3588; x_wconf 71' lang='lat' dir='ltr'><strong>Quid</strong></span> <span class='ocrx_word' id='word_1_313' title='bbox 707 3502 745 3578; x_wconf 92' lang='lat' dir='ltr'><strong>si,</strong></span> <span class='ocrx_word' id='word_1_314' title='bbox 759 3501 853 3587; x_wconf 88' lang='lat' dir='ltr'><strong>quod</strong></span> <span class='ocrx_word' id='word_1_315' title='bbox 862 3501 968 3587; x_wconf 83' lang='lat' dir='ltr'><strong>magis</strong></span> <span class='ocrx_word' id='word_1_316' title='bbox 983 3502 1106 3588; x_wconf 86' lang='lat' dir='ltr'><strong>placet,</strong></span> <span class='ocrx_word' id='word_1_317' title='bbox 1122 3509 1203 3568; x_wconf 68' lang='lat' dir='ltr'><strong>rebr-</strong></span> 
     </span>
     <span class='ocr_line' id='line_1_38' title="bbox 156 3583 1203 3678; baseline 0.006 -29"><span class='ocrx_word' id='word_1_318' title='bbox 156 3583 275 3664; x_wconf 72' lang='lat' dir='ltr'><strong>rs&#39;rruv,</strong></span> <span class='ocrx_word' id='word_1_319' title='bbox 290 3595 469 3649; x_wconf 87' lang='lat' dir='ltr'><strong>mutaretur</strong></span> <span class='ocrx_word' id='word_1_320' title='bbox 492 3585 524 3649; x_wconf 93' lang='lat' dir='ltr'><strong>in</strong></span> <span class='ocrx_word' id='word_1_321' title='bbox 548 3589 743 3664; x_wconf 72' lang='grc' dir='ltr'><strong>νουθετὲντοᾳὶ</strong></span> <span class='ocrx_word' id='word_1_322' title='bbox 767 3588 963 3651; x_wconf 77' lang='lat' dir='ltr'><strong>Vrcenus.</strong></span> <span class='ocrx_word' id='word_1_323' title='bbox 1008 3589 1060 3652; x_wconf 89' lang='lat' dir='ltr'><strong>Ex</strong></span> <span class='ocrx_word' id='word_1_324' title='bbox 1075 3591 1203 3678; x_wconf 90' lang='lat' dir='ltr'><strong>conjec-</strong></span> 
     </span>
     <span class='ocr_line' id='line_1_39' title="bbox 157 3670 1204 3760; baseline 0.006 -24"><span class='ocrx_word' id='word_1_325' title='bbox 157 3671 240 3736; x_wconf 90' lang='lat' dir='ltr'><strong>turis</strong></span> <span class='ocrx_word' id='word_1_326' title='bbox 262 3670 330 3735; x_wconf 91' lang='lat' dir='ltr'><strong>istis</strong></span> <span class='ocrx_word' id='word_1_327' title='bbox 353 3691 419 3755; x_wconf 85' lang='lat' dir='ltr'><strong>prae</strong></span> <span class='ocrx_word' id='word_1_328' title='bbox 441 3672 565 3736; x_wconf 87' lang='lat' dir='ltr'><strong>caeteris</strong></span> <span class='ocrx_word' id='word_1_329' title='bbox 588 3672 669 3737; x_wconf 90' lang='lat' dir='ltr'><strong>mihi</strong></span> <span class='ocrx_word' id='word_1_330' title='bbox 695 3693 827 3759; x_wconf 91' lang='lat' dir='ltr'><strong>quoque</strong></span> <span class='ocrx_word' id='word_1_331' title='bbox 850 3672 1000 3758; x_wconf 86' lang='lat' dir='ltr'><strong>placebat</strong></span> <span class='ocrx_word' id='word_1_332' title='bbox 1026 3678 1204 3760; x_wconf 73' lang='lat' dir='ltr'><strong>postremd,</strong></span> 
     </span>
     <span class='ocr_line' id='line_1_40' title="bbox 158 3756 1204 3844; baseline 0.002 -22"><span class='ocrx_word' id='word_1_333' title='bbox 158 3779 256 3844; x_wconf 89' lang='lat' dir='ltr'><strong>quam</strong></span> <span class='ocrx_word' id='word_1_334' title='bbox 273 3756 379 3820; x_wconf 86' lang='lat' dir='ltr'><strong>firmat</strong></span> <span class='ocrx_word' id='word_1_335' title='bbox 392 3757 470 3821; x_wconf 90' lang='lat' dir='ltr'><strong>MS.</strong></span> <span class='ocrx_word' id='word_1_336' title='bbox 488 3756 568 3821; x_wconf 89' lang='lat' dir='ltr'><strong>Coll.</strong></span> <span class='ocrx_word' id='word_1_337' title='bbox 585 3757 619 3821; x_wconf 90' lang='lat' dir='ltr'><strong>S.</strong></span> <span class='ocrx_word' id='word_1_338' title='bbox 630 3759 722 3822; x_wconf 86' lang='lat' dir='ltr'><strong>Joou.</strong></span> <span class='ocrx_word' id='word_1_339' title='bbox 738 3760 770 3823; x_wconf 94' lang='lat' dir='ltr'><strong>in</strong></span> <span class='ocrx_word' id='word_1_340' title='bbox 785 3780 851 3844; x_wconf 92' lang='lat' dir='ltr'><strong>quo</strong></span> <span class='ocrx_word' id='word_1_341' title='bbox 873 3758 1017 3844; x_wconf 88' lang='lat' dir='ltr'><strong>positum</strong></span> <span class='ocrx_word' id='word_1_342' title='bbox 1037 3775 1091 3825; x_wconf 87' lang='lat' dir='ltr'><strong>est</strong></span> <span class='ocrx_word' id='word_1_343' title='bbox 1110 3766 1204 3826; x_wconf 74' lang='grc' dir='ltr'><strong>νουθε-</strong></span> 
     </span>
     <span class='ocr_line' id='line_1_41' title="bbox 157 3842 1203 3932; baseline 0.006 -24"><span class='ocrx_word' id='word_1_344' title='bbox 157 3852 280 3908; x_wconf 66' lang='lat' dir='ltr'><strong>struat.</strong></span> <span class='ocrx_word' id='word_1_345' title='bbox 317 3843 413 3904; x_wconf 85' lang='lat' dir='ltr'><strong>Hanc</strong></span> <span class='ocrx_word' id='word_1_346' title='bbox 434 3842 535 3927; x_wconf 86' lang='lat' dir='ltr'><strong>igitur</strong></span> <span class='ocrx_word' id='word_1_347' title='bbox 553 3843 726 3908; x_wconf 89' lang='lat' dir='ltr'><strong>lectionem</strong></span> <span class='ocrx_word' id='word_1_348' title='bbox 748 3843 865 3929; x_wconf 91' lang='lat' dir='ltr'><strong>recepi.</strong></span> <span class='ocrx_word' id='word_1_349' title='bbox 905 3845 990 3909; x_wconf 86' lang='lat' dir='ltr'><strong>Mox</strong></span> <span class='ocrx_word' id='word_1_350' title='bbox 1005 3846 1203 3932; x_wconf 75' lang='lat' dir='ltr'><strong>praetulerim</strong></span> 
     </span>
     <span class='ocr_line' id='line_1_42' title="bbox 159 3927 809 4015; baseline 0 -21"><span class='ocrx_word' id='word_1_351' title='bbox 159 3932 205 3994; x_wconf 76' lang='lat' dir='ltr'><strong>s’li</strong></span> <span class='ocrx_word' id='word_1_352' title='bbox 222 3950 280 4014; x_wconf 89' lang='lat' dir='ltr'><strong>pro</strong></span> <span class='ocrx_word' id='word_1_353' title='bbox 294 3927 364 4005; x_wconf 72' lang='grc' dir='ltr'><strong>ἐδὲν,</strong></span> <span class='ocrx_word' id='word_1_354' title='bbox 381 3928 468 4012; x_wconf 92' lang='lat' dir='ltr'><strong>quod</strong></span> <span class='ocrx_word' id='word_1_355' title='bbox 484 3941 591 3994; x_wconf 89' lang='lat' dir='ltr'><strong>tamen</strong></span> <span class='ocrx_word' id='word_1_356' title='bbox 607 3930 681 3993; x_wconf 84' lang='lat' dir='ltr'><strong>ferri</strong></span> <span class='ocrx_word' id='word_1_357' title='bbox 697 3931 809 4015; x_wconf 90' lang='lat' dir='ltr'><strong>possit.</strong></span> 
     </span>
    </p>

    <p class='ocr_par' dir='ltr' id='par_1_6' title="bbox 147 4012 1202 4275">
     <span class='ocr_line' id='line_1_43' title="bbox 203 4012 1202 4102; baseline -0.001 -21"><span class='ocrx_word' id='word_1_358' title='bbox 203 4017 237 4081; x_wconf 92' lang='lat' dir='ltr'><strong>P.</strong></span> <span class='ocrx_word' id='word_1_359' title='bbox 247 4027 317 4079; x_wconf 82' lang='lat'><strong>348.</strong></span> <span class='ocrx_word' id='word_1_360' title='bbox 332 4013 355 4076; x_wconf 95' lang='lat' dir='ltr'><strong>l.</strong></span> <span class='ocrx_word' id='word_1_361' title='bbox 370 4026 416 4075; x_wconf 91' lang='grc'><strong>14.</strong></span> <span class='ocrx_word' id='word_1_362' title='bbox 439 4015 474 4087; x_wconf 75' lang='grc' dir='ltr'><strong>ὡς</strong></span> <span class='ocrx_word' id='word_1_363' title='bbox 488 4012 522 4076; x_wconf 69' lang='grc' dir='ltr'><strong>ἂν</strong></span> <span class='ocrx_word' id='word_1_364' title='bbox 535 4014 671 4101; x_wconf 67' lang='grc' dir='ltr'><strong>παρείκῃ]</strong></span> <span class='ocrx_word' id='word_1_365' title='bbox 690 4014 855 4080; x_wconf 90' lang='lat' dir='ltr'><strong>Interdum</strong></span> <span class='ocrx_word' id='word_1_366' title='bbox 871 4014 1133 4102; x_wconf 81' lang='lat' dir='ltr'><strong>impersonaliter</strong></span> <span class='ocrx_word' id='word_1_367' title='bbox 1147 4015 1202 4081; x_wconf 87' lang='lat' dir='ltr'><strong>ad·</strong></span> 
     </span>
     <span class='ocr_line' id='line_1_44' title="bbox 157 4099 1201 4190; baseline 0 -25"><span class='ocrx_word' id='word_1_368' title='bbox 157 4101 260 4165; x_wconf 91' lang='lat' dir='ltr'><strong>hiberi</strong></span> <span class='ocrx_word' id='word_1_369' title='bbox 281 4100 345 4162; x_wconf 92' lang='lat' dir='ltr'><strong>hoc</strong></span> <span class='ocrx_word' id='word_1_370' title='bbox 366 4099 497 4162; x_wconf 87' lang='lat' dir='ltr'><strong>verbum</strong></span> <span class='ocrx_word' id='word_1_371' title='bbox 520 4100 662 4165; x_wconf 87' lang='lat' dir='ltr'><strong>ostendit</strong></span> <span class='ocrx_word' id='word_1_372' title='bbox 680 4101 822 4165; x_wconf 88' lang='lat' dir='ltr'><strong>Budaeus</strong></span> <span class='ocrx_word' id='word_1_373' title='bbox 839 4103 1010 4165; x_wconf 79' lang='lat' dir='ltr'><strong>Commeat.</strong></span> <span class='ocrx_word' id='word_1_374' title='bbox 1026 4102 1127 4190; x_wconf 84' lang='lat' dir='ltr'><strong>Liug.</strong></span> <span class='ocrx_word' id='word_1_375' title='bbox 1146 4102 1201 4167; x_wconf 83' lang='lat' dir='ltr'><strong>Gr.</strong></span> 
     </span>
     <span class='ocr_line' id='line_1_45' title="bbox 147 4183 1200 4275; baseline 0.001 -25"><span class='ocrx_word' id='word_1_376' title='bbox 147 4209 189 4272; x_wconf 90' lang='lat' dir='ltr'><strong>p.</strong></span> <span class='ocrx_word' id='word_1_377' title='bbox 204 4201 273 4251; x_wconf 86' lang='grc'><strong>550.</strong></span> <span class='ocrx_word' id='word_1_378' title='bbox 289 4183 340 4254; x_wconf 82' lang='lat' dir='ltr'><strong>ed.</strong></span> <span class='ocrx_word' id='word_1_379' title='bbox 358 4184 396 4248; x_wconf 89' lang='lat' dir='ltr'><strong>R.</strong></span> <span class='ocrx_word' id='word_1_380' title='bbox 414 4184 526 4269; x_wconf 85' lang='lat' dir='ltr'><strong>steph.</strong></span> <span class='ocrx_word' id='word_1_381' title='bbox 545 4185 600 4250; x_wconf 91' lang='lat' dir='ltr'><strong>ubi</strong></span> <span class='ocrx_word' id='word_1_382' title='bbox 616 4207 657 4251; x_wconf 88' lang='lat' dir='ltr'><strong>ex</strong></span> <span class='ocrx_word' id='word_1_383' title='bbox 671 4200 804 4252; x_wconf 88' lang='lat' dir='ltr'><strong>auctore</strong></span> <span class='ocrx_word' id='word_1_384' title='bbox 817 4187 972 4275; x_wconf 84' lang='lat' dir='ltr'><strong>quodam,</strong></span> <span class='ocrx_word' id='word_1_385' title='bbox 987 4186 1125 4253; x_wconf 84' lang='lat' dir='ltr'><strong>Platone</strong></span> <span class='ocrx_word' id='word_1_386' title='bbox 1136 4187 1200 4252; x_wconf 85' lang='lat' dir='ltr'><strong>for·</strong></span> 
     </span>
    </p>

    <p class='ocr_par' dir='ltr' id='par_1_7' title="bbox 131 4268 1200 4362">
     <span class='ocr_line' id='line_1_46' title="bbox 131 4268 1200 4362; baseline -0.003 -23"><span class='ocrx_word' id='word_1_387' title='bbox 131 4280 133 4284; x_wconf 34' lang='lat'>⁸</span> <span class='ocrx_word' id='word_1_388' title='bbox 158 4292 226 4352; x_wconf 82' lang='lat' dir='ltr'><strong>san,</strong></span> <span class='ocrx_word' id='word_1_389' title='bbox 244 4271 307 4335; x_wconf 88' lang='lat' dir='ltr'><strong>hoc</strong></span> <span class='ocrx_word' id='word_1_390' title='bbox 328 4271 431 4350; x_wconf 84' lang='lat' dir='ltr'><strong>affert,</strong></span> <span class='ocrx_word' id='word_1_391' title='bbox 454 4268 567 4335; x_wconf 75' lang='grc'><strong>1511111</strong></span> <span class='ocrx_word' id='word_1_392' title='bbox 589 4273 743 4357; x_wconf 69' lang='grc' dir='ltr'><strong>δυνώμεθα,</strong></span> <span class='ocrx_word' id='word_1_393' title='bbox 763 4274 785 4362; x_wconf 77' lang='lat' dir='ltr'><strong>’lt</strong></span> <span class='ocrx_word' id='word_1_394' title='bbox 808 4272 1058 4361; x_wconf 57' lang='grc' dir='ltr'><strong>ἑκᾶςῳπαράκῃ.</strong></span> <span class='ocrx_word' id='word_1_395' title='bbox 1103 4268 1200 4339; x_wconf 72' lang='lat' dir='ltr'><strong>Puulo</strong></span> 
     </span>
    </p>
   </div>
   <div class='ocr_carea' id='block_1_5' title="bbox 0 0 1357 4740">
    <p class='ocr_par' dir='ltr' id='par_1_8' title="bbox 0 0 1357 4740">
     <span class='ocr_line' id='line_1_47' title="bbox 0 0 1357 4740; baseline 0 0"><span class='ocrx_word' id='word_1_396' title='bbox 0 0 1357 4740; x_wconf 95' lang='lat' dir='ltr'><strong> </strong></span> 
     </span>
    </p>
   </div>
  </div>
 </body>
</html>
