2684 4740
226 305 465 394 cucusum
486 305 542 370 ΕΤ
562 301 768 370 mansus
790 286 1080 370 orsrurnrro.
1117 306 1180 393 ¹75

137 497 214 551 rens
236 489 378 562 tempus,
400 474 470 539 haec
490 473 610 543 dixisse
629 472 776 551 sufficiat,
796 485 828 536 et
847 471 889 536 ad
907 472 1110 560 propositum
1131 491 1183 536 re·

139 586 248 665 deam,
271 599 308 650 ut
329 596 551 670 competenter
570 581 739 646 ostendam
763 581 898 645 istorum
920 579 1092 645 absurdam
1114 598 1187 644 esse

137 695 336 773 doctrinam,
348 714 408 757 nec
420 693 592 780 quicquam
606 691 694 769 Deo,
705 704 739 754 et
752 690 837 754 Patri
851 687 985 754 Domini
1000 689 1101 753 nostri
1115 687 1186 753 sn-

142 805 262 870 ratoris
286 802 547 880 adscribendum,
571 801 625 866 sed
655 799 813 864 malorum
844 811 1028 864 nostrorum
1053 818 1185 863 causam

139 914 290 1000 accipere
315 915 487 977 Satanam:
515 912 548 975 in
573 910 679 995 ipsum
705 909 823 974 etenim
849 907 1072 996 rejiciendum,
1096 905 1186 994 quod

140 1023 255 1087 omnia
275 1019 502 1110 hujuscemodi
518 1019 603 1084 mala
616 1017 658 1082 ab
676 1017 748 1104 ipso
761 1031 965 1104 generentur.
1010 1015 1120 1080 Sedet
1135 1036 1187 1097 ea,

139 1155 217 1219 quae
240 1133 274 1196 in
296 1131 472 1218 prophetis,
493 1141 527 1194 et
549 1129 622 1214 lege
643 1126 761 1212 scripta
782 1138 868 1205 sunt,
893 1125 955 1212 ipsi
980 1122 1187 1190 nihilominus

146 1239 359 1321 adscribenda
373 1252 448 1304 sunt
456 1261 467 1318 3
484 1239 550 1324 ipse
566 1247 614 1300 est
629 1234 729 1314 enim,
745 1234 804 1322 qui
817 1235 850 1298 in
866 1235 1032 1321 prophetis
1046 1249 1123 1300 tunc
1136 1232 1187 1297 lo·

147 1363 241 1415 cutus
260 1346 490 1435 est,'plurimas
512 1347 558 1411 eis
579 1345 619 1410 de
640 1345 714 1409 Deo
736 1344 930 1430 ignorantias
951 1365 1140 1432 suggerens,
1154 1355 1189 1408 et

149 1458 353 1538 tentationes,
367 1472 401 1522 et
421 1455 706 1541 concupiscentias.
751 1454 815 1520 Sed
830 1467 863 1520 et
876 1456 1096 1520 devoratorem
1110 1471 1188 1520 eum

149 1568 326 1655 sanguinis,
341 1580 374 1632 et
395 1565 499 1630 carnis
517 1563 691 1629 ostendunt
699 1587 711 1643 3
733 1581 806 1650 quae
821 1564 931 1630 omnia
943 1564 985 1629 ad
999 1585 1073 1629 eum
1089 1562 1189 1649 perti-

150 1693 225 1744 nent
249 1679 415 1758 Satanam,
437 1692 472 1743 et
496 1678 538 1743 ad
563 1675 738 1763 prophetas
762 1677 844 1766 ejus,
868 1699 942 1765 quae
965 1675 1190 1742 transformare

150 1788 251 1854 voluit
272 1788 306 1852 in
326 1800 450 1875 patrem
468 1786 601 1865 Christi,
615 1801 650 1852 et
669 1787 806 1851 scribere
822 1809 926 1874 pauca
940 1787 1088 1875 quaedam
1103 1808 1190 1864 vera,
1289 1787 1294 1795 ’

150 1910 186 1967 ut
209 1919 269 1984 per
293 1897 365 1962 haec
387 1897 484 1962 etiarn
508 1911 635 1973 caetera,
661 1919 734 1983 quae
759 1910 835 1962 sunt
857 1897 949 1978 falsa,
972 1897 1188 1963 crederentur.

151 2006 247 2070 Unde
267 2007 389 2071 bonum
408 2006 501 2071 nobis
522 2021 572 2071 est
591 2029 630 2072 ex
650 2007 813 2087 omnibus,
828 2031 900 2095 quae
916 2030 1018 2096 usque
1034 2007 1075 2072 ad
1089 2009 1190 2073 Josn·

151 2136 223 2180 nem
248 2114 367 2201 scripta
388 2128 473 2194 sunt,
494 2115 572 2180 nihil
597 2115 730 2180 omnino
753 2117 925 2204 suscipere,
941 2141 962 2182 a
982 2118 1095 2183 diebus
1115 2138 1192 2182 vero

151 2223 220 2311 ejus
249 2224 503 2310 evangelizatum
532 2246 667 2310 regnum
697 2225 851 2291 caelorum
882 2228 987 2293 solum
1016 2227 1192 2313 amplecti:

153 2331 344 2419 semetipsos
358 2333 443 2397 enim
459 2333 634 2412 irriserunt,
650 2333 783 2400 ridicula
794 2347 827 2400 et
840 2336 964 2401 ludicra
983 2336 1193 2401 introducen-

153 2453 209 2521 tes,
229 2441 357 2527 exiguis
377 2441 569 2528 quibusdam
590 2443 692 2506 verbis
713 2443 745 2507 in
767 2444 841 2530 lege
864 2446 1074 2525 adumbratis,
1094 2445 1192 2531 igno-

154 2563 258 2616 rantes
279 2551 355 2636 quia
376 2552 468 2616 malis
493 2553 520 2616 si
544 2551 795 2618 admiscerentur
818 2555 914 2634 bona,
937 2556 1096 2620 malorum
1120 2576 1194 2620 cor-

154 2660 302 2746 ruptione
317 2660 428 2738 etiam,
444 2684 517 2747 quae
534 2661 619 2725 bona
633 2675 719 2740 sunt,
731 2663 991 2729 exterminantur.
1020 2665 1064 2729 Et
1078 2664 1104 2729 si
1118 2664 1194 2753 qui-

154 2768 228 2838 dem
248 2783 300 2833 est
318 2770 502 2855 quisquam,
518 2770 573 2856 qui
595 2772 697 2856 possit
718 2772 896 2852 ostendere,
912 2773 1019 2858 legem
1041 2772 1120 2838 recti
1142 2786 1192 2838 te-

155 2892 285 2945 nentem
310 2901 392 2958 esse,
413 2880 509 2944 debet
534 2880 690 2945 custodiri
702 2905 712 2959 3
738 2881 786 2945 sin
809 2896 918 2947 autem
941 2883 1060 2949 malam
1082 2897 1193 2950 osten-

155 2988 243 3067 dero,
261 2989 475 3054 interimenda
494 3004 543 3053 est
563 3004 596 3052 et
616 2989 806 3075 abjicienda,
822 2993 942 3078 quippe
960 3016 1034 3080 quae
1053 2995 1194 3060 rmortis

156 3100 386 3166 ³ministerium
398 3101 542 3165 continet
556 3100 777 3181 informatum,
787 3125 860 3189 quae
872 3104 979 3169 vultus
992 3105 1105 3191 Moysi
1119 3105 1194 3191 gio-

155 3211 247 3289 riam,
263 3222 454 3296 contegens,
468 3209 635 3274 destruxit.
678 3212 760 3275 Non
777 3218 827 3302 est
845 3212 945 3298 igitur
963 3213 1032 3277 sine
1050 3214 1194 3298 periculo

155 3319 306 3405 cuiquam
327 3332 466 3394 vestrum
488 3318 605 3402 pariter
627 3339 702 3382 cum
725 3319 797 3404 lege
819 3334 851 3385 et
873 3322 1038 3406 prophetis
1061 3324 1193 3391 Novum

153 3430 433 3509 ²Testamentum,
446 3444 599 3516 tanquam
613 3431 707 3495 unius
722 3433 786 3496 sint
801 3447 946 3520 utraque,
958 3435 1084 3515 docere,
1099 3436 1197 3522 quip-'

151 3560 196 3625 pe
206 3561 285 3604 cum
300 3551 430 3605 renovet
444 3539 485 3602 de
501 3540 552 3603 die
567 3541 599 3603 in
615 3540 700 3605 diem
722 3541 894 3607 Salvatoris
916 3545 1016 3608 nostri
1035 3545 1193 3611 eruditio:

187 3803 202 3842 7
219 3798 269 3848 Hic
281 3816 347 3850 nnus
356 3818 386 3850 ex
398 3801 445 3850 illis
456 3803 535 3851 Sacra
546 3803 675 3864 Scripturae
683 3800 741 3850 locis
753 3817 804 3852 esse
813 3805 917 3862 videtur,
926 3819 986 3866 quos
996 3804 1094 3865 Man'es,
1103 3807 1195 3855 Arche-

150 3880 195 3929 Ιιο
205 3891 266 3928 teste
277 3882 303 3929 in
315 3897 369 3944 cap.
379 3893 419 3932 os.
431 3883 506 3943 hujus
516 3882 693 3946 disputationis,
705 3885 736 3930 ad
746 3898 817 3932 suam
828 3884 978 3932 fulciendam
990 3887 1102 3934 haeresirn
1113 3876 1198 3936 corru-

148 3963 190 4026 pit
201 3980 208 4011 =
225 3977 284 4010 narn
297 3965 419 4012 diversum
429 3979 528 4012 sensum
540 3981 588 4027 prae
599 3978 624 4011 se
634 3965 713 4011 ferunt
722 3965 790 4013 Pauli
799 3966 880 4023 verba,
890 3967 920 4014 ad
930 3981 985 4029 quae
995 3968 1098 4031 respicit,
1109 3968 1195 4017 tamin

148 4044 255 4106 vulgara
266 4046 381 4104 editione,
391 4061 467 4108 quam
478 4047 543 4108 apud
553 4045 703 4093 Archelaum
714 4057 824 4111 nostrum
837 4048 899 4095 infra
910 4063 962 4111 cap.
972 4059 1012 4098 43.

185 4130 201 4158 2
219 4127 256 4174 its
266 4128 356 4175 codicis
367 4127 503 4176 Casinensis
514 4128 645 4176 lection'em
656 4128 816 4188 correximus,
830 4130 855 4178 in
867 4145 916 4191 quo
927 4132 1045 4194 scripturn
1056 4140 1100 4189 est,
1112 4145 1201 4181 novum·

146 4206 312 4267 testimonium,
324 4217 372 4256 tum
381 4217 496 4272 tanquam.
595 4248 598 4252 .

586 4297 597 4332 ³
613 4295 692 4345 oCor.
702 4296 735 4345 iii.
744 4304 768 4354 7.
