2684 4740
380 302 617 374 uuouoom
638 303 725 371 pao
746 302 960 372 oaranna.
1122 316 1185 388 325
1250 398 1255 404 θ

95 562 98 569 .
146 491 150 498 ⁴
210 480 213 485 ‚
272 506 376 574 Prima
389 483 552 594 responsio
566 507 606 573 ad
620 478 789 595 septimam
805 503 1069 572 criminationem.

545 643 696 707 CAPUT
721 642 800 709 VII.

357 775 514 862 Quomodo
527 775 675 842 sentiebat
688 776 726 841 de
741 775 979 858 Resurrectione.

185 909 412 976 omousius.
444 913 506 996 (Ex
520 911 624 997 primo
637 910 721 976 libro
741 909 782 976 de
803 908 1070 986 Resurrectione.)
1097 908 1183 994 Quo·
1256 941 1259 947 f

149 1019 239 1085 modo
254 1011 551 1086 enirn—accusat.

195 1131 435 1197 Pamrffluua
462 1132 524 1196 His
537 1131 765 1197 assertionibus
782 1130 935 1218 incipiens
953 1128 1002 1195 uti
1020 1127 1060 1194 de
1079 1149 1184 1195 resur·

150 1240 292 1306 rectione
308 1256 522 1334 mortuorum,
537 1264 594 1328 per
613 1254 714 1307 totam
735 1241 902 1307 voluminis
923 1241 973 1306 sui
992 1239 1104 1316 seriem
1118 1237 1183 1304 evi·

151 1347 347 1416 deotissimis
369 1341 654 1438 approbationibus
675 1374 752 1417 usus
777 1364 837 1417 est.
881 1352 920 1415 In
946 1350 1086 1416 secundo
1109 1369 1183 1414 vero

150 1458 235 1525 libro
257 1461 402 1548 ejusdem
425 1462 586 1542 materiae3
609 1484 682 1526 cum
704 1461 912 1548 praedixisset,
933 1461 1009 1548 quia
1030 1460 1121 1548 quasi
1141 1459 1184 1526 ad

149 1571 300 1637 Gentiles
320 1573 514 1659 loqueretur,
529 1571 755 1659 hujuscemodi
769 1595 860 1637 suam
874 1571 1062 1637 sententiam
1076 1569 1183 1636 decla·

148 1679 240 1744 ravit.
526 1681 528 1684 ⁴

195 1791 410 1859 Ortmann&
441 1795 506 1861 Nos
520 1819 767 1885 nero—gruna
772 1793 943 1882 frumenti.
995 1860 997 1869 ι

194 1903 435 1970 Pannona-uus.
463 1897 508 1971 Et
529 1907 655 1972 assertis
678 1906 728 1971 his
749 1927 806 1992 per
827 1903 1049 1993 hujuscemodi
1070 1924 1184 1969 couse-

149 2011 327 2100 quentiam,
341 2028 415 2101 post
429 2038 531 2102 pauca
544 2015 634 2082 addit
650 2015 745 2081 etiam
760 2016 843 2080 haec.
1127 1993 1130 2004 ¹

195 2121 411 2190 Onloanns.
441 2126 531 2212 Quod
543 2124 858 2190 autema-dicitur.

193 2230 435 2298 Pamnnruus.
467 2236 545 2298 Post
558 2234 641 2314 haeo,
656 2232 847 2321 quibusdam
862 2252 920 2318 per
933 2230 1074 2296 medium
1088 2229 1183 2296 latins

148 2336 332 2427 disputatis,
346 2341 462 2429 adjecit
475 2342 573 2409 etiam
589 2344 660 2408 ista.

191 2450 409 2521 Onloauas.
436 2453 524 2518 Sient
537 2453 887 2539 enim—comparari.

193 2561 436 2628 Pumuatuus.
465 2565 570 2629 Pauca
589 2564 659 2630 haec
677 2564 719 2630 ad
738 2562 958 2630 testimonium
977 2561 1129 2629 traximus
1142 2582 1183 2626 ex

144 2669 262 2735 mttltis
276 2685 309 2735 et
322 2673 507 2753 innumeris,
522 2696 594 2760 quae
607 2695 664 2760 per
678 2670 902 2763 hujuscemodi
916 2692 1044 2736 sensum
1058 2670 1091 2735 in
1105 2668 1182 2758 ipsis

147 2779 239 2844 libris
254 2804 334 2868 quos
350 2782 389 2846 de
404 2783 648 2848 Resurrectione
663 2782 783 2862 scribit,
797 2781 955 2870 exposuit.
978 2783 1057 2847 Non
1071 2794 1182 2847 autem

149 2887 277 2953 videtur
289 2889 465 2956 absurdum
480 2891 520 2955 ad
537 2891 692 2979 majorem
705 2889 957 2959 satisfactionem
970 2890 1066 2955 etiam
1078 2888 1120 2955 de
1132 2911 1183 2954 re·

146 2993 245 3083 liquis
260 2997 329 3085 ejus
342 2998 433 3064 libris
447 3020 603 3064 consonas
618 2999 668 3064 his
682 3000 731 3064 vel
745 3021 862 3086 paucas
879 2997 1032 3065 adhibere
1051 3014 1180 3065 senten·

135 3104 220 3170 tias.
265 3106 302 3170 In
326 3107 483 3192 vigesimo
504 3107 604 3195 igitur
624 3121 657 3172 et
680 3121 793 3176 octavo
816 3108 901 3174 libro
921 3107 962 3173 de
985 3107 1079 3173 Esaia
1100 3109 1179 3174 Pro·

145 3211 258 3300 pheta,
270 3213 310 3278 de
324 3215 380 3278 illo
395 3216 536 3302 capitulo
549 3215 701 3295 scnbens,
712 3216 745 3280 in
759 3237 825 3302 quo
840 3216 971 3281 dicitur:
987 3217 1180 3283 tRusnsor'tu-

147 3324 262 3392 buntur
281 3328 406 3408 mortui,
422 3341 453 3400 et
472 3340 633 3417 resurgent
651 3328 684 3393 ts·
703 3329 758 3416 qui
776 3329 809 3393 r'n
829 3329 998 3414 sepulchris
1018 3340 1110 3396 sunt:
1134 3331 1179 3396 ita

143 3434 202 3510 ait,

186 3546 406 3614 0a1oanas.
434 3550 554 3616 Melias
568 3561 613 3616 ert
627 3549 951 3639 ergo-absurdum
965 3561 1022 3617 ert.

190 3656 432 3724 Pamumuns.
460 3660 682 3726 Nihilominus
701 3660 734 3727 in
753 3681 793 3725 eo
809 3661 881 3748 ipso
895 3661 989 3744 libro,
1003 3661 1191 3752 interjectis

143 3763 349 3852 quibusdam,
362 3768 453 3835 dicit.

139 3949 141 3952 Α
185 3873 403 3963 ¹Ontoauas.
435 3881 513 3945 Cum
526 3878 717 3967 ergo--in
731 3877 925 3964 irfirmitute.

187 3986 428 4054 Passennus.
450 3990 532 4054 Haec
545 3988 674 4077 quidem
688 4009 728 4054 ex
741 3988 792 4055 his
803 3989 893 4056 libris
905 4012 986 4078 quos
1000 3992 1033 4057 in
1048 3991 1174 4057 Esaiam

142 4094 279 4184 scripsit.
301 4099 378 4167 Non
395 4100 630 4187 praeteribimus
643 4120 717 4164 vero
732 4120 835 4187 neque
849 4099 940 4168 illum
954 4101 1062 4167 locum
1076 4122 1173 4188 quem

551 4236 559 4267 ¹
577 4234 640 4283 Esai.
651 4235 718 4284 xxvi.
732 4245 770 4295 19.

632 4342 656 4386 Y
670 4334 688 4385 3
792 4380 796 4388 .
