2684 4740
153 293 196 377 9⁶
354 291 625 359 concursu
648 288 948 361 Anaunvvnvsu
974 294 1000 357 1.

151 461 216 526 tius
238 461 272 525 in
294 463 434 527 tenebris
452 463 618 543 oberrarc3
642 486 746 550 neque
764 464 885 550 patitur
905 484 1017 529 exosas
1039 480 1202 548 quorum·

152 568 229 634 dam
251 569 430 635 voluntates
452 574 610 658 usquein
628 586 753 637 tanturn
779 573 961 658 pervadere,
984 584 1110 636 utnon
1131 568 1203 635 anis

98 660 106 673 ’
151 678 402 764 praeclarissimis
420 680 596 747 luminibus
614 681 721 747 denuo
742 682 884 768 pandens
903 681 965 749 iter
976 678 1130 760 salutare,
1145 694 1201 742 eas

152 789 209 853 det
221 789 262 855 ad
277 791 429 877 regulam·
433 791 570 879 justitiae
582 794 736 858 converti.
759 795 879 859 Habeo
891 793 1011 881 quippe
1026 792 1199 879 cognitum

151 898 263 963 multis
281 901 456 987 exemplis3
478 902 548 965 haec
567 901 680 966 eadem
696 923 735 966 ex
750 903 873 989 meipso
889 903 1017 968 metior.
1057 903 1200 965 Fuerant

152 1009 286 1075 enimin
304 1033 356 1075 me
371 1011 533 1097 primitus,
550 1035 622 1098 quae
638 1011 765 1099 justitia
785 1032 891 1077 carere
907 1010 1117 1090 videbantur3
1140 1030 1199 1075 nec

151 1114 217 1183 ulla
230 1121 384 1205 putabam
401 1120 506 1185 videre
522 1143 691 1208 supernam
706 1121 905 1207 potentiam3
925 1142 999 1208 quae
1013 1118 1135 1206 hjuxta
1148 1139 1199 1184 ae·

151 1241 239 1293 creta
253 1230 393 1315 pectoris
406 1231 470 1294 mei
483 1252 641 1316 gererem.
663 1229 920 1316 Equidemhaec,
929 1244 967 1294 ut
977 1216 1056 1310 dixi,
1069 1234 1199 1316 aequatn

151 1339 314 1402 fortunam
330 1339 512 1405 debuerunt
531 1340 648 1421 sortiri,
665 1341 788 1407 scilicet
801 1339 953 1406 omnibus
968 1336 1062 1405 malis
1076 1337 1198 1404 redun-

151 1447 293 1512 dantem.
339 1449 404 1513 Sed
423 1451 517 1515 Deus
533 1451 740 1536 omnipotens
759 1451 792 1515 in
813 1449 901 1516 caelia
918 1470 976 1536 per
988 1446 1111 1512 vacula
1122 1446 1202 1512 tesi·

151 1557 231 1623 dens
250 1559 375 1639 tribuit,
394 1558 482 1647 quod
506 1580 572 1623 non
592 1558 748 1624 merebar.
794 1557 896 1624 Certo
912 1555 984 1646 jam
1003 1577 1109 1645 neque
1123 1554 1201 1634 dici,

149 1689 255 1755 neque
269 1669 450 1734 enumerari
463 1680 599 1754 possunt
612 1686 662 1748 ea,
674 1688 748 1754 qua
763 1666 886 1731 calesti
900 1687 959 1732 sua
969 1666 1005 1731 -in
1021 1644 1077 1731 me
1092 1666 1200 1731 famu·

150 1778 219 1842 lum
247 1799 343 1843 suum
371 1775 593 1842 benevolentia
621 1775 793 1855 concessit,
819 1774 1012 1841 sanctissimi
1038 1774 1200 1841 antistites

117 1934 131 1953 s
152 1884 275 1951 Christi
290 1886 474 1965 salvatoris,
489 1887 602 1951 fratres
617 1883 783 1957 carissimi.
829 1885 968 1953 Gaudeo
987 1884 1091 1972 igitur
1105 1884 1200 1973 equi·

151 1994 226 2059 dem
249 1993 441 2081 specialiter,
464 1994 594 2081 gaudeo
615 1991 704 2082 quod
729 1993 857 2061 tandem
885 1994 997 2061 habita
1016 1991 1200 2083 justissima

151 2103 396 2192 dijudicatione,
412 2125 467 2169 eos
487 2102 530 2169 ad
550 2103 717 2169 meliorem
738 2125 830 2192 spem
854 2105 1086 2193 fortunamque
1105 2124 1198 2171 revo-

151 2214 258 2294 castis,
274 2235 356 2302 quos
376 2214 561 2300 malignitas
583 2212 705 2278 diaboli
725 2213 892 2280 videbatur
913 2236 933 2280 a
951 2213 1198 2302 preclarissima

150 2323 224 2388 lucc
238 2324 320 2411 legis
335 2321 505 2390 catholicae
519 2345 577 2388 sua
590 2324 797 2410 persuasione
811 2325 971 2391 avertisse.
1000 2324 1030 2391 0
1046 2345 1120 2391 vere
1133 2324 1197 2391 vic·

151 2437 214 2504 trix
228 2437 429 2525 providentia
444 2435 569 2503 Christi
587 2436 778 2502 Salvatoris!
801 2448 838 2500 ut
858 2435 955 2500 etiam
976 2434 1027 2499 his
1046 2432 1197 2524 consule·

152 2562 211 2630 ret,
228 2550 283 2638 qui
297 2548 368 2636 jarn
389 2548 605 2615 desciscentes
626 2570 647 2612 a
665 2546 808 2626 veritate,
825 2543 1071 2633 quodammodo
1085 2542 1196 2610 adver·

151 2682 205 2727 sus
220 2661 322 2747 ipsam
333 2682 424 2726 arma
436 2658 641 2725 iinducentes
656 2657 810 2745 gentibus
823 2678 857 2720 sc
868 2656 1107 2742 copulaverant.
1129 2651 1198 2741 Qui

152 2765 179 2832 si
197 2769 246 2832 vel
264 2788 349 2832 nunc
368 2791 442 2834 vera
463 2767 526 2832 fide
548 2766 707 2832 voluerint
727 2764 882 2853 obsequia
900 2762 1110 2829 sanctissima
1130 2759 1197 2847 legi

151 2873 286 2956 deferre,
309 2875 491 2962 intelligere
512 2886 678 2960 poterunt,
701 2889 856 2963 quantum
881 2873 941 2939 sibi
965 2885 1048 2937 nutu
1070 2868 1138 2937 Dei
1157 2868 1197 2934 ait

151 2985 327 3071 provisum.
373 2988 416 3050 Et
435 2984 500 3050 hoc
515 2985 658 3074 quidem,
673 2983 865 3050 sanctissimi
887 2983 1011 3060 fratres,
1027 2979 1196 3067 sperabam

151 3093 250 3158 ctiam
272 3093 305 3156 in
327 3093 385 3173 cis,
402 3094 520 3179 quibus
541 3093 685 3180 ingenita
704 3108 755 3159 est
776 3092 916 3157 maxima
935 3088 1068 3155 durities
1087 3088 1198 3167 animi,

152 3224 246 3289 posse
259 3202 276 3249 k
288 3203 489 3289 reprehendi.
533 3203 598 3267 Sed
617 3226 681 3267 non
702 3201 823 3289 profuit
838 3199 923 3288 apud
937 3222 994 3264 eos
1008 3210 1098 3265 recta
1112 3196 1197 3286 diju-

152 3312 281 3392 dicatio,
298 3335 402 3400 nequc
422 3314 455 3378 in
476 3335 591 3378 eorum
609 3335 719 3377 sensus
740 3311 885 3397 ingressa
899 3322 948 3373 est
962 3308 1109 3373 divinitas
1123 3327 1197 3393 pro·

151 3422 239 3509 pitia.
275 3424 321 3487 Re
336 3445 409 3486 vera
423 3423 508 3487 enim
526 3444 590 3486 non
605 3420 767 3485 immerito
783 3422 823 3483 ab
840 3419 890 3482 his
904 3418 1017 3504 procul
1032 3418 1195 3482 abscetse·

147 3533 194 3596 rit
210 3531 332 3595 Christi
346 3531 528 3610 clementia,
543 3532 575 3594 in
591 3531 707 3617 quibus
728 3528 897 3592 manifesta
915 3527 987 3591 luce
1006 3527 1120 3604 claret,
1135 3524 1196 3589 bu·

147 3642 296 3732 jusmodi
311 3664 393 3722 csse,
406 3656 444 3707 ut
458 3663 514 3706 eos
528 3643 623 3706 etiarn
641 3664 660 3703 a
673 3638 793 3704 caelesti
804 3638 987 3726 provisione
998 3616 1114 3702 exosos
1129 3658 1197 3702 cer·

153 3775 279 3816 namus.
323 3753 408 3839 Quae
423 3752 456 3815 in
471 3751 557 3837 ipsos
576 3748 632 3833 (ol.
648 3749 740 3834 ipsis)
757 3760 848 3812 tanta
861 3747 985 3812 vesania
1003 3758 1198 3833 perseverat,

153 3878 229 3926 cum
243 3859 422 3925 incredibili
440 3859 622 3945 arrogantia
638 3857 851 3944 persuadeant
869 3859 943 3938 sibi,
959 3881 1032 3946 quae
1053 3880 1114 3922 nec
1135 3856 1197 3926 dici

153 3993 213 4035 nec
228 3969 332 4033 audiri
350 3969 398 4032 fas
414 3971 482 4032 est?
506 3968 718 4032 desciscentes
738 3989 757 4030 a
775 3980 863 4031 recto
881 3966 1007 4052 judicio
1024 3967 1116 4047 dato,
1132 3986 1197 4053 quo

136 4080 278 4171 ,caelesti
288 4078 477 4165 provisione,
494 4099 601 4142 meum
613 4076 775 4164 judicium
791 4098 848 4141 eos
862 4076 1007 4161 comperi
1020 4075 1197 4162 postulare.

125 4280 128 4284 ι
169 4246 306 4297 tatiana.
356 4247 406 4295 ἰαὶ.
418 4248 555 4296 induentes.
606 4244 621 4281 k
623 4246 698 4309 forre,
709 4245 864 4307 deprehendi.
876 4242 921 4308 (sic
929 4244 997 4307 priua
1006 4240 1073 4303 conj.
1083 4239 1186 4304 labbe.)
