2684 4740
204 290 442 369 AROHELAI
462 296 519 361 ET
540 295 747 363 MANETlS
767 295 1055 365 DISPUTATIO.
1093 313 1153 386 251

116 458 288 545 religiosus
301 462 467 528 Diodorus
483 465 690 550 pertimuerat
703 465 901 531 conflictum.
945 464 1032 533 Cum
1048 483 1157 534 autem

117 570 250 635 vidisset
262 572 458 637 Archelaum
476 576 605 655 Manes,
627 575 760 639 cessavit
782 575 912 661 quidem
936 578 1092 643 continuo
1112 579 1155 644 ab

117 681 337 762 insultatione,
357 698 391 748 et
409 685 581 770 supercilio
603 708 668 750 non
689 708 805 771 parum
826 685 965 772 dejecto,
987 686 1156 752 manifeste

115 790 370 876 intelligebatur,
394 793 483 880 quod
507 795 696 859 conflictum
720 795 815 858 vellet
837 795 991 880 effugere.
1036 795 1155 861 Multi·

105 898 200 964 tudo
215 922 289 964 vero
305 901 489 967 auditorum
515 902 687 968 adventum
707 901 872 980 Archelai,
895 903 982 969 velut
1001 903 1157 990 Apostoli

116 1008 334 1092 praesentiam,
357 1009 487 1094 opinata
511 1024 573 1091 est,
598 1033 658 1097 pro
682 1033 721 1074 eo
750 1010 838 1097 quod
864 1009 905 1074 ad
932 1009 1019 1075 verbi
1042 1010 1155 1077 defen-

101 1113 243 1199 ,sionem
255 1127 321 1179 tam
337 1134 480 1202 paratus,
495 1131 528 1184 et
542 1110 609 1185 tam
623 1133 792 1207 promptus
807 1119 968 1184 existeret.
1013 1121 1056 1184 Et
1077 1141 1154 1184 cum

101 1221 247 1297 ‚dextera
268 1224 432 1290 silentium
454 1228 658 1315 poposcisset
678 1251 699 1292 a
719 1227 842 1315 populo
867 1228 1042 1313 (tumultus
1067 1227 1154 1292 enim

117 1354 181 1397 non
197 1333 369 1400 mediocris
382 1337 542 1420 extiterat)
560 1337 623 1402 hoc
639 1335 739 1401 modo
753 1337 853 1423 coepit
867 1336 1060 1402 Archelaus.
1089 1336 1154 1402 Ta·

116 1441 212 1507 metsi
225 1443 442 1527 prudentiam,
457 1444 596 1530 gloriam
612 1445 725 1523 etiam,
740 1457 922 1510 nostrorum
941 1425 1087 1511 nonnulli
1101 1466 1153 1510 as·

116 1554 220 1618 secuti
235 1568 321 1634 sunt,
336 1570 444 1622 tamen
460 1557 523 1622 hoc
537 1580 592 1622 vos
606 1557 824 1644 deprecor,ut
838 1579 963 1637 eorum,
985 1581 1059 1645 quae
1080 1572 1155 1623 ante

114 1680 169 1724 me
197 1660 285 1726 dicta
314 1679 402 1743 sunt,
431 1665 652 1730 testimonium
681 1665 856 1729 reservetis.
899 1665 976 1728 Scio
1003 1665 1088 1728 enim
1119 1679 1154 1730 et

113 1781 221 1835 certus
244 1792 327 1850 sum,
352 1775 488 1855 Fratres,
510 1774 664 1861 quoniam
684 1773 861 1838 quodoro
882 1795 946 1843 non
969 1794 1028 1859 pro
1052 1773 1152 1858 ipsius

103 1877 374 1964 impossibilitate
402 1883 559 1961 successi3
587 1883 643 1949 sed
672 1881 825 1967 quoniam
854 1880 952 1946 istum
986 1902 1050 1966 ego
1080 1878 1154 1944 nori

114 1999 205 2067 tunc,
226 2010 301 2052 cum
323 1991 364 2054 ad
386 1991 449 2057 loci
470 1992 534 2057 mei
549 2005 656 2079 partes
670 1992 838 2079 improbus
853 1989 1043 2071 advenisset,
1059 1991 1153 2056 Mar.-

113 2095 187 2160 celli
205 2097 288 2162 rviri
308 2098 442 2181 illustris
463 2101 579 2186 gratia,
601 2100 711 2165 volens
734 2122 809 2164 enm
832 2099 987 2164 divertere
1005 2122 1025 2163 a
1045 2113 1155 2168 nostra

112 2203 274 2287 doctrina,
288 2219 320 2271 et
335 2229 353 2272 a
367 2207 440 2287 fide,
455 2208 616 2288 videlicet,
632 2208 887 2301 quo-impietatis
904 2207 1002 2294 hujus
1017 2206 1152 2273 idoneus

107 2313 294 2385 efficeretur
307 2332 468 2397 assertor3
491 2333 525 2384 et
539 2332 648 2383 tamen
660 2317 811 2383 omnibus
823 2317 888 2381 suis
900 2315 1006 2380 verbis
1016 2316 1048 2379 in
1063 2314 1153 2379 nullo

113 2446 190 2491 eum
214 2426 380 2506 divertere,
403 2442 435 2492 et
463 2450 592 2493 movere
619 2426 796 2513 praevaluit.
841 2426 962 2490 Similis
988 2425 1073 2489 enim
1100 2425 1153 2490 in·

113 2549 228 2609 ventus
249 2549 300 2600 est
321 2535 582 2622 religiosissimus
597 2534 774 2600 Marcellus
789 2548 902 2618 petrae,
922 2533 975 2596 ⁹in
991 2556 1056 2620 qua
1071 2532 1152 2599 aedi·

112 2643 208 2709 ficata
220 2656 272 2708 est
285 2645 402 2710 domus
417 2645 617 2711 solidissimis
632 2644 864 2722 fundamentis,
877 2658 910 2707 et
924 2665 998 2707 cum
1017 2643 1152 2711 descen·

112 2749 213 2817 disset
226 2751 344 2837 pluvia,
359 2767 392 2818 et
406 2754 573 2818 irruissent
596 2753 741 2831 flumina,
760 2773 798 2816 ac
819 2751 917 2828 venti,
935 2763 968 2815 et
989 2745 1152 2817 illisissent

112 2858 147 2931 in
161 2860 294 2929 domum
310 2861 412 2937 illam,
425 2861 584 2946 perstitit3
605 2859 740 2926 fundata
758 2858 845 2923 enim
864 2870 932 2923 erat
951 2844 1154 2951 solidissimis

110 2976 146 3030 et
168 2966 391 3033 immobilibus
416 2967 654 3033 fundamentis:
684 2967 760 3031 huic
787 2978 908 3045 autem,
933 2967 990 3052 qui
1012 2988 1153 3053 praesens

112 3087 174 3154 est,
188 3073 355 3140 infamiam
371 3077 479 3162 potius
500 3076 617 3141 intulit·
629 3089 763 3141 conatus
785 3076 864 3162 ipse,
887 3098 984 3162 quam
1009 3075 1152 3141 laudem.
1234 3084 1241 3093 '

110 3183 325 3267 Nonautem
351 3185 432 3249 mihi
458 3186 548 3250 venia
572 3186 692 3272 dignus
716 3186 841 3252 videtur
864 3188 920 3274 qui
946 3187 1152 3273 ignoraverit,

112 3291 201 3378 quod
217 3294 363 3381 futurum
378 3308 448 3359 est:
470 3295 643 3380 oportebat
664 3295 749 3358 enim
771 3316 846 3359 eum
869 3315 1079 3380 praenoscere,
1095 3276 1153 3383 qui

101 3415 189 3483 ⁴auru
201 3401 325 3487 proprii
344 3403 413 3481 sui3
437 3404 464 3467 si
484 3403 618 3493 quidem
641 3402 779 3488 Spiritus
803 3402 951 3467 Paracliti
973 3402 1152 3489 habitatin

101 3528 164 3579 eo.
208 3509 275 3574 Sed
288 3511 442 3596 quoniam
458 3512 650 3599 ignorantiae
666 3510 806 3576 tenebris
827 3511 1010 3589 obcaecatus
1033 3526 1094 3594 est,
1118 3513 1152 3585 ih

102 3641 229 3697 ¹vanum
251 3622 404 3700 cucurrit,
426 3645 502 3687 cum
514 3676 519 3709 2
524 3623 586 3686 iter
607 3622 725 3689 laceret
739 3620 786 3684 ad
811 3621 1004 3689 Marcellum
1017 3646 1038 3701 ς,
1050 3635 1095 3689 et.
1107 3621 1152 3689 si·

102 3727 196 3795 ‚milis
208 3729 331 3795 sfateare
339 3730 530 3816 Astrologo,
542 3729 737 3816 describenti
749 3728 1043 3820 quidem-caelestia,
1054 3729 1149 3823 igno·

141 3949 155 3996 i
172 3949 202 3996 ln
211 3949 295 3998 codice
304 3949 431 4000 Casinensi
442 3960 501 4010 erat,
515 3950 633 4005 Diodorus,
646 3949 717 3996 nullo
728 3963 810 3998 sensu.
851 3982 854 3987 ι

144 4034 154 4073 l
170 4029 237 4076 Male
248 4030 395 4089 Casinensis,
406 4032 456 4080 uiri
467 4033 490 4080 in
502 4032 556 4096 Iegis
565 4031 652 4094 gratia·

142 4113 152 4148 Ψ
171 4111 251 4168 Forte,
255 4111 339 4174 factus
350 4123 390 4163 ert,

512 4258 515 4263 ι
532 4195 545 4231 ⁹
562 4191 730 4244 Manriivst.
