2684 4740
144 305 208 386 146
243 300 481 370 ARCHELAI
502 301 560 367 ET
578 300 744 368 MANET
746 299 785 365 IS
806 294 1097 365 DtsrUTATro.

145 473 278 539 doribus
298 474 452 560 fatigatis,
473 474 671 539 intuerentur
692 471 789 536 etiarn
813 468 899 534 vocis
922 480 1078 547 meatum,
1098 485 1186 531 ares·

146 595 238 646 cente
254 582 374 668 linguae
388 583 528 667 glutino,
541 581 732 669 praepediri3
755 579 835 644 alios
851 600 926 643 vero
940 577 1096 655 viderent,
1110 595 1189 639 con-

145 690 241 754 versis
260 703 335 776 post
354 703 445 776 terga
466 691 580 767 oculis,
596 688 809 776 expirantium
829 687 1037 775 parvulorum
1052 706 1188 750 suorum

144 797 394 883 ingemiscentes
408 798 524 877 exitiis,
540 820 615 862 cum
630 797 677 862 illi
692 796 923 861 infelicissimas
939 809 1059 858 matres
1073 791 1189 879 vagiti-

145 907 207 973 bus
228 908 448 988 inclamarent,
470 908 534 972 illae
555 930 631 972 vero
652 908 841 993 praedonum
864 906 1096 971 acerbitatibus
1116 903 1190 991 agi·

145 1026 233 1095 tatae,
249 1015 366 1102 quibus
389 1016 464 1079 solis
486 1016 585 1080 libere
604 1015 652 1080 uti
673 1008 802 1094 licebat,
820 1015 996 1100 gemitibus
1013 1014 1191 1102 responde-

146 1139 237 1192 rent:
262 1149 397 1211 quarum
415 1125 441 1190 si
457 1149 529 1211 quae
544 1125 684 1190 tenerius
705 1127 842 1213 propriis
862 1126 1069 1213 indulgerent
1089 1125 1191 1192 visce-

145 1234 247 1312 ribus,
265 1234 410 1298 interitus
433 1246 551 1298 sortem
574 1247 691 1321 sponte
712 1235 773 1300 sibi
796 1257 906 1322 parem
924 1258 999 1300 cum
1016 1235 1088 1300 filiis
1106 1256 1192 1325 prae·

148 1356 374 1428 sumpserunt3
398 1343 425 1406 si
441 1366 513 1429 quae
527 1366 600 1408 vero
615 1345 733 1410 habere
747 1346 868 1433 aliquid
889 1346 1068 1411 tolerantiae
1090 1357 1192 1431 potu·

147 1463 254 1530 erunt,
270 1451 401 1538 captivae
424 1451 487 1516 huc
508 1474 611 1538 usque
631 1453 797 1538 perductae
812 1465 897 1519 suut.
941 1453 1064 1518 Triduo
1079 1452 1193 1538 itaque

66 1560 68 1569 '
147 1571 273 1639 exacto,
289 1583 363 1624 cum
388 1583 427 1624 ne
449 1561 596 1626 noctibus
615 1561 746 1649 quidem
767 1561 908 1647 aliquam
929 1560 1072 1647 requiem
1087 1559 1193 1645 cepis·

148 1688 268 1747 semus,
283 1669 324 1731 ad
345 1668 455 1733 locum
474 1668 560 1732 hunc
578 1668 796 1754 perducimur,
810 1669 842 1735 in
857 1692 924 1755 quo
938 1683 1014 1756 post
1030 1669 1103 1732 haec
1119 1666 1192 1754 jam

146 1778 228 1865 ,quid
242 1789 373 1864 gestum
389 1777 441 1855 sit,
456 1778 571 1842 melius
586 1778 655 1863 ipse
670 1778 766 1843 nosti.

193 1887 258 1950 ΙἸΙ.
289 1887 352 1950 His
372 1886 488 1951 auditis
510 1887 555 1953 vir
576 1887 737 1973 piissimus
759 1887 937 1953 Marcellus
959 1885 1139 1974 plurimum
1160 1885 1194 1950 in

148 1992 308 2079 lacrymas
328 1993 479 2079 profusus
500 2006 559 2073 est,
574 1992 724 2059 misertus
746 2008 853 2060 tantos
873 2007 993 2060 ettam
1013 1994 1116 2059 varios
1137 2015 1194 2058 ca·

149 2121 225 2177 sus3
249 2099 305 2162 sed
325 2099 403 2163 nihil
425 2113 580 2179 moratus,
600 2101 690 2166 cibos
710 2116 880 2188 praeparat,
898 2099 1042 2189 fatigatis
1060 2121 1121 2187 per
1137 2120 1193 2164 ,se-

149 2209 323 2294 metipsum
345 2209 519 2274 ministeria
542 2209 706 2289 exhibens,
727 2209 872 2275 imitatus
894 2221 1019 2295 patrem
1041 2221 1192 2274 nostrum

149 2319 339 2384 ¹Abraham
356 2320 580 2405 patriarcham,
595 2321 652 2408 qui
666 2321 831 2408 quondam
846 2320 968 2407 angelis
986 2343 1006 2384 a
1024 2341 1058 2384 se
1079 2318 1192 2405 bospi-

147 2428 195 2493 tio
216 2429 383 2515 susceptis,
400 2452 464 2493 non
479 2429 654 2494 vernaculis
672 2428 839 2516 imperavit
854 2429 990 2493 vitulum
1012 2427 1137 2493 deferre
1152 2411 1194 2490 de

142 2537 323 2623 -gtegibus3
347 2537 403 2601 sed
426 2538 495 2624 ipse
513 2539 618 2602 senior
633 2538 821 2624 impositum
838 2537 979 2611 humeris
992 2536 1142 2623 pertulit,
1155 2557 1193 2600 ac

147 2667 207 2732 per
229 2660 332 2711 semet
352 2658 549 2733 praeparatos
568 2647 659 2711 cibos
677 2647 814 2733 propriis
829 2647 977 2712 manibus
992 2646 1117 2733 angelis
1133 2666 1192 2730 ap·

148 2759 269 2843 posuit.
314 2759 419 2821 Simili
440 2772 473 2824 et
493 2758 669 2822 Marcellus
686 2759 814 2822 functus
830 2757 947 2836 officio,
964 2756 1066 2821 denos
1079 2755 1194 2842 praeci·

73 2886 80 2898 ·
148 2867 198 2954 pit
221 2889 280 2952 per
306 2867 448 2930 convivia
473 2866 629 2944 reclinari,
655 2866 931 2952 septingentisque
954 2864 1110 2939 omnibus
1136 2885 1193 2928 ex·

149 2973 266 3038 tructis
285 2973 414 3050 mensis,
430 2995 505 3037 curu
521 2973 644 3059 ingenti
659 2974 770 3039 laetitia
784 2975 945 3039 reficiebat
957 2973 1137 3052 universos,
1149 2972 1196 3036 ita

150 3093 189 3146 ut
204 3080 261 3167 qui
277 3076 444 3166 superesse
459 3092 631 3166 potuerant
644 3082 838 3147 oblivionem
859 3093 1012 3168 caperent
1031 3081 1195 3157 laborum,

151 3212 190 3279 ac
204 3191 305 3256 totius
321 3189 398 3254 mali
413 3190 611 3254 efficerentur
625 3191 842 3255 immemores.
869 3190 954 3254 Cum
971 3202 1082 3255 autem
1097 3189 1196 3275 quiu-

151 3310 205 3363 tus
230 3298 374 3363 decimus
399 3299 628 3384 transigeretur
649 3299 728 3379 dies,
750 3299 912 3364 Marcello
933 3312 1050 3364 cuncta
1072 3290 1197 3364 affatim

152 3407 352 3471 ministrante
367 3408 510 3494 captivis,
526 3407 646 3495 placuit
662 3409 707 3472 eis
722 3410 872 3473 omnibus
887 3408 1050 3473 remeandi
1065 3408 1107 3473 ad
1121 3428 1200 3493 pro·

152 3516 223 3602 pria
237 3516 335 3579 tribui
350 3515 549 3593 facultatem,
561 3528 677 3601 praeter
692 3538 760 3594 eos,
774 3538 856 3601 quos
871 3516 1039 3583 vulnerum
1053 3536 1135 3581 cura
1145 3536 1199 3581 re-

152 3624 289 3702 tinebat,
306 3624 422 3709 quibus
440 3635 628 3709 competens
644 3624 788 3688 adhibita
803 3625 943 3705 medela3
963 3625 1004 3690 ad
1023 3647 1083 3690 sua
1096 3636 1201 3691 caete-

143 3755 208 3805 ,ros
223 3733 310 3796 abire
325 3733 494 3818 praecepit:
512 3733 577 3796 Sed
591 3731 642 3796 his
658 3733 809 3797 omnibus
823 3733 949 3820 majora
962 3732 1089 3798 addidit
1103 3733 1203 3798 Mar·

154 3842 256 3908 cellus
272 3841 399 3928 pietatis
414 3840 516 3904 officia
525 3863 535 3919 3
553 3863 627 3904 cum
643 3839 780 3926 plurima
794 3863 934 3928 namque
949 3863 1083 3911 suorum
1100 3862 1205 3907 manu

155 3973 343 4039 progressus
356 3961 405 4013 est
419 3949 459 4014 ad
475 3948 657 4038 sepelienda
672 3971 807 4035 corpora
828 3951 860 4014 in
881 3950 995 4016 itinere
1010 3964 1205 4037 perempto·

143 4143 145 4147 ι
157 4084 240 4140 rum,
251 4072 283 4125 et
292 4058 408 4123 'omnia
420 4079 620 4144 quaecuuque
635 4056 772 4122 invenire
786 4058 905 4147 potuit,
919 4073 955 4125 ut
968 4057 1107 4147 dignum
1122 4070 1208 4141 erat,

579 4227 588 4253 ¹
608 4225 695 4272 Genes.
704 4225 770 4275 xviii.
