2684 4740
253 327 400 400 casm
421 330 548 399 arun
571 325 892 396 zmorurruru.
1024 326 1090 414 1'05

56 502 251 581 manicaeus,
261 503 294 568 id
305 515 367 582 est,
376 500 652 567 SilvanusaCirta
663 499 799 566 traditor
809 508 869 578 est,
879 508 912 561 et
920 496 973 562 fur
984 517 1090 564 rerum

50 634 242 702 ,pauperum
285 611 386 700 Quod
407 632 519 675 omnes
534 632 589 673 vos
604 609 760 696 episcopi,
773 607 965 694 presbyteri,
982 592 1092 671 diaeo·

54 743 119 802 nes,
132 723 287 800 seniores,
300 720 402 800 scitis,
415 731 450 782 et
467 719 508 783 de
523 717 766 805 quadringentis
781 716 938 781 dfollibus
960 716 1094 781 Lucilla

49 833 237 921 ⁴clarissime
251 830 392 909 feminae,
403 850 463 916 pro
475 850 542 915 quo
554 827 645 893 vobis
660 825 850 914 conjurastis
865 841 902 889 ut
916 826 1005 891 fieret
1019 824 1095 889 Ma-

51 941 178 1030 jorinus
192 942 386 1029 episcopus:
409 952 443 1005 et
462 938 537 1003 inde
555 939 677 1002 factum
695 949 744 1000 est
760 935 911 1001 schisma.
954 936 1042 1000 Nam
1062 947 1096 1000 et
1119 994 1123 1002 .

54 1052 170 1118 Victor
183 1051 267 1116 fullo
282 1048 376 1115 vestri
390 1035 561 1135 praesentia
581 1061 615 1112 et
634 1045 747 1133 populi
766 1044 855 1108 dedit
875 1043 968 1107 l'olles
985 1042 1097 1130 viginti

56 1172 91 1224 ut
114 1159 222 1224 factus
245 1170 331 1222 esset
353 1154 532 1242 presbyter.
557 1153 646 1241 quod
672 1152 733 1218 scit
758 1151 908 1217 Christus
934 1167 968 1214 et
991 1151 1102 1238 angeli·

57 1269 163 1357 ejus.''
195 1271 241 1334 Et
253 1268 422 1334 recitatum
438 1280 487 1332 est
502 1266 685 1353 exemplum
701 1266 858 1353 epistolae.
890 1273 911 1304 “
927 1264 1100 1351 Purpurius

57 1379 228 1467 episcopus
243 1378 371 1442 Silvano
386 1376 581 1462 coepiscopo
603 1378 636 1440 in
654 1376 800 1440 Domino
815 1374 964 1440 salutern.
1003 1375 1100 1441 Venit

30 1523 36 1530 ·
57 1488 96 1554 ad
111 1510 166 1553 me
179 1486 401 1554 Nundinarius
415 1485 571 1551 diaconus
587 1485 670 1550 lilius
685 1497 805 1564 noster,
820 1497 854 1550 et
868 1485 960 1570 petiit
976 1483 1033 1548 has
1045 1478 1101 1550 lit·

57 1613 142 1662 teras
157 1595 394 1682 deprecatorias
409 1616 429 1658 a
450 1589 504 1659 ine
518 1594 561 1659 ad
576 1604 621 1675 te,
636 1594 846 1673 sanctissime,
862 1594 1048 1680 dirigerem,
1063 1605 1102 1659 ut

58 1706 168 1771 sideri
186 1719 307 1791 posset,
321 1724 384 1791 pax
401 1703 486 1768 inter
504 1716 539 1768 te
559 1716 593 1768 et
612 1704 718 1791 ipsum
739 1704 792 1767 sit.
835 1704 911 1768 Hoc
926 1702 1012 1766 enirn
1027 1702 1101 1767 volo
1168 1718 1173 1722 ·

59 1815 138 1894 fieri,
155 1827 195 1879 ut
213 1835 310 1878 nemo
332 1812 413 1878 sciat
434 1811 513 1898 quid
532 1812 617 1877 inter
640 1834 699 1876 nos
726 1823 851 1898 agatur.
896 1809 931 1874 Si
953 1809 1102 1890 volueris,

59 1924 180 2008 scripto
195 1935 254 1986 tuo
270 1921 413 2007 [agatur]
425 1932 463 1985 ut
474 1916 510 1985 et'
518 1940 582 2007 ego
594 1920 682 1985 solus
697 1921 742 1985 ibi
756 1921 789 1985 in
805 1941 839 1984 re
854 1919 1003 2006 praescnti
1016 1918 1103 1983 verri-

59 2052 124 2113 am,
135 2044 170 2097 et
182 2031 412 2096 dissensionem
432 2029 536 2116 ipsam
551 2029 614 2093 ede
630 2029 713 2094 inter
725 2051 780 2094 vos
792 2042 969 2114 amputem.
997 2028 1104 2094 Manu

60 2162 120 2206 sua
140 2140 227 2205 enim
249 2139 330 2203 mihi
349 2138 482 2204 tradidit
501 2136 647 2202 libellum
662 2137 709 2202 rei
726 2149 840 2223 gesta,
856 2159 915 2224 pro
930 2158 994 2223 qua
1006 2142 1104 2202 causa

60 2261 119 2315 too
142 2259 307 2335 praecepto
329 2247 426 2312 fuerit
447 2246 619 2333 lapidatus.
661 2248 740 2312 Non
761 2258 811 2312 est
830 2266 939 2310 verum
959 2257 996 2311 ut
1013 2258 1105 2333 pater

60 2357 200 2443 castiget
212 2355 315 2420 filium
328 2368 441 2421 contra
451 2353 617 2420 veritatem
625 2379 635 2436 3
652 2368 686 2421 et
697 2354 765 2421 scio
775 2355 852 2443 quia
863 2376 935 2420 vera
946 2366 1021 2419 sunt
1030 2378 1105 2442 qure

60 2465 94 2531 in
110 2464 225 2530 libello
239 2463 322 2528 mihi
337 2463 455 2529 tradito
469 2476 546 2528 sunt
559 2464 751 2552 conscripta.
789 2465 910 2531 Quaere
925 2463 1103 2528 remedium

62 2571 231 2659 quomodo
256 2572 378 2658 poterit
402 2572 448 2637 ibi
473 2572 658 2658 malignitas
682 2571 746 2638 ista
767 2572 913 2657 extingui
932 2584 1105 2658 antequam

62 2685 196 2750 flamma
213 2696 376 2770 exsurgat,
398 2706 472 2770 quae
491 2699 567 2771 post
583 2684 715 2748 demum
737 2682 882 2767 extingui
901 2703 967 2744 non
987 2682 1107 2767 poterit

63 2796 135 2860 sine
149 2793 306 2879 sanguine
321 2792 466 2878 spiritali.
512 2792 675 2858 Adhibete
695 2791 892 2856 conclericos
912 2804 946 2857 et
965 2792 1107 2858 seniores

62 2905 166 2993 plebis
179 2906 414 2972 ecclesiasticos
428 2906 511 2971 viros
516 2933 526 2988 3
541 2918 574 2971 et
588 2905 750 2992 inquirant
764 2903 936 2990 diligenter
945 2926 1020 2990 quaa
1031 2915 1108 2970 sunt

62 3017 134 3099 istae
155 3016 383 3097 dissensiones,
406 3032 443 3083 ut
464 3041 504 3084 ea
524 3041 599 3105 quae
622 3018 702 3082 liunt
724 3016 902 3083 secundum
926 3015 1000 3081 fidei
1024 3038 1108 3102 prae·

62 3136 160 3211 cepta
174 3125 264 3190 fiant.
307 3127 387 3190 Non
400 3125 577 3192 declinabis
591 3127 632 3192 ad
648 3127 791 3191 dextram
808 3126 857 3190 vel
873 3126 914 3190 ad
933 3125 1106 3190 sinistram.

63 3234 219 3299 Libenter
238 3247 346 3299 autem
371 3256 482 3300 aurem
502 3235 711 3299 commodare
733 3234 800 3299 noli
820 3234 913 3298 malis
932 3234 1107 3299 instructo·

63 3344 164 3424 ribus,
184 3344 241 3430 qui
262 3343 378 3408 nolunt
397 3365 522 3430 pacem.
567 3343 690 3408 Omnes
712 3366 772 3409 nos
793 3343 973 3409 occiditis.”
986 3324 1021 3407 ¹et
1042 3344 1088 3408 αἱ·

63 3472 172 3517 nonu.
195 3456 217 3491 ‘⁴
227 3450 344 3517 Vale.''
367 3451 452 3515 Item
464 3463 498 3515 et
511 3450 694 3536 exemplum
709 3451 866 3536 epistolae.
896 3457 920 3490 ‘⁴
935 3450 1109 3536 Purpurius

63 3558 238 3644 episcopus
252 3556 376 3622 clericis
390 3569 425 3622 et
439 3555 618 3622 senioribus
632 3554 831 3620 Cirtensium
852 3556 885 3620 in
900 3556 1047 3623 Domino
1062 3579 1108 3622 ε-

63 3677 189 3749 arnam
204 3665 353 3729 salutem.
393 3663 546 3730 fClamat
559 3665 695 3752 Moyses
709 3663 749 3728 ad
764 3684 894 3728 omnem
908 3676 1054 3730 senatum
1071 3665 1109 3728 ti·

61 3773 183 3840 liorum
195 3774 309 3852 lsrael,
318 3772 463 3861 dixitque
473 3773 547 3851 illis,
558 3795 630 3859 quae
642 3772 805 3840 Dominus
814 3772 931 3860 jubeat
943 3773 1025 3852 lieri3
1041 3774 1109 3839 sine

61 3881 202 3947 consilio
222 3880 385 3944 seniorum
407 3879 487 3944 nibil
504 3879 672 3965 agebatur.
717 3879 833 3965 Itaque
848 3892 882 3944 et
901 3901 967 3958 vos,
982 3881 1108 3946 carissi-

59 3988 120 4068 mi,
139 4009 224 4076 quos
244 3987 312 4052 scio
333 4009 464 4053 omnem
488 3985 673 4073 sapientiam
696 3984 860 4052 coelestem
882 3999 915 4050 et
935 3985 1107 4072 spiritalem

59 4099 197 4179 habere,
213 4097 305 4163 omni
325 4108 429 4163 vestra
450 4096 566 4163 virtute
587 4090 781 4182 cognoscite¹
795 4117 869 4183 quae
889 4094 932 4158 sit
953 4094 1108 4159 dissensio

163 4280 338 4332 dNumerum
350 4294 445 4343 genere.
549 4284 560 4311 ⁶
570 4279 711 4342 fondees.
819 4252 1013 4335 ‘Exodxinn
1074 4334 1077 4338 Α
