2684 4740
171 385 176 394 .
289 319 524 388 APOLOGIA
547 319 632 386 PRO
655 317 867 386 ORIGENE.
1028 333 1088 402 293

44 493 136 559 'cum
150 490 240 559 omni
254 491 543 580 reverentia,'quasi
556 491 614 580 qui
634 492 712 557 sciat
731 513 766 557 se
786 489 828 555 de
845 485 962 554 sanctis
978 484 1088 572 Scrip-

53 601 141 668 turis
155 601 272 686 dicere,
286 625 360 668 cum
375 603 479 668 multa
496 625 568 690 quae
590 601 651 668 sibi
669 611 876 668 occurrerunt
896 597 1089 686 exposuerit,

54 710 205 799 praecipit
218 712 268 777 his
283 713 340 799 qui
353 711 481 799 legunt,
495 713 630 799 probare
650 711 690 775 de
710 710 845 798 singulis
866 732 939 797 quas
961 706 1088 788 dixerit,

56 833 95 887 et
106 821 196 910 quod
210 821 327 889 rectius
341 822 480 910 prudens
495 824 596 889 lector
609 821 812 909 judicaverit,
827 820 988 885 obtinere:
1011 839 1088 905 pro·
1187 877 1188 880 ,

55 930 147 997 θεοῖο
161 933 238 1020 quia
249 954 308 997 nec
321 932 426 1019 ipsum
441 934 560 999 latebat
575 931 663 1021 quod
676 953 735 996 nec
751 931 865 997 omnia
886 952 961 1016 quae
979 949 1090 993 rnore-
1196 954 1200 962 ·

53 1054 110 1107 rat
133 1041 182 1108 vel
211 1041 411 1121 discusserat,
434 1042 611 1129 probabilia
633 1042 682 1108 vel
707 1041 768 1116 fixa
789 1039 900 1105 haberi
924 1037 1090 1117 deberent,

57 1173 121 1239 pro
140 1173 181 1218 eo
201 1152 291 1240 quod
315 1154 418 1218 multa
440 1153 580 1240 mystica
600 1152 635 1216 in
659 1150 832 1237 Scripturis
855 1147 973 1214 sanctis
997 1158 1031 1212 et
1056 1145 1090 1212 in

49 1267 185 1326 secreto
202 1261 368 1327 recondita
390 1284 459 1327 csse
479 1261 660 1326 credantur.
705 1259 791 1324 lllud
813 1257 950 1344 denique
971 1254 1041 1343 ejus
1064 1254 1092 1321 si

54 1368 211 1435 intentius
231 1370 442 1451 advertamus,
457 1393 553 1458 quarn
568 1371 692 1457 integre
705 1381 738 1434 ct
753 1368 909 1434 catholice
926 1367 967 1432 de
981 1367 1090 1431 ornni-

57 1477 121 1544 bus
135 1479 322 1553 tractatibus
337 1481 401 1548 suis
415 1481 449 1546 in
461 1456 650 1548 Ploefatione
664 1501 775 1544 eorum
789 1479 943 1552 librorum
964 1499 1045 1564 quos
1057 1475 1091 1542 in
1166 1483 1172 1490 '

60 1589 213 1654 Genesim
229 1591 350 1670 scribit,
365 1603 561 1687 protestatus
580 1604 640 1672 est,
660 1613 788 1656 ornnem
811 1590 880 1678 ejus
902 1610 1029 1654 sensum
1051 1609 1092 1654 ex

51 1695 124 1762 -boc
138 1696 234 1767 facile
246 1721 493 1786 cognoscemus.

103 1807 320 1874 Onrcsnss.
342 1811 451 1877 “Nisi
465 1812 659 1878 omnimodis
683 1827 699 1874 s
707 1814 792 1904 pigri
812 1833 966 1894 essemus,
980 1833 1017 1877 ac
1031 1810 1089 1877 de·

51 1921 83 1982 ss‘
95 1914 192 1997 sides,
207 1939 247 1984 ne
265 1919 307 1984 ad
325 1920 552 2009 inquirendum
569 1923 699 2010 quidem
722 1923 884 2004 accedere,
898 1923 1043 1989 Domino
1057 1935 1091 1988 et

55 2031 82 2090 ῥ’
98 2026 260 2094 Salvatore
281 2043 391 2097 nostro
413 2030 454 2097 ad
476 2031 540 2097 hoc
561 2055 621 2098 nos
642 2047 845 2121 provocante,
868 2034 1013 2120 profecto
1039 2053 1092 2097 re·

56 2143 87 2189 5‘
101 2159 304 2205 vocassemus
318 2139 446 2227 pedem,
461 2143 697 2208 considerantes
713 2142 801 2230 quod
815 2142 920 2229 longe
938 2140 1036 2207 simus
1050 2141 1092 2206 ab

58 2251 138 2315 ‘tea
150 2249 371 2334 magnitudine
385 2250 534 2336 spiritalis
547 2251 779 2339 intelligentia,
789 2252 905 2340 quade
917 2264 983 2316 tam
998 2271 1092 2336 mags·

60 2361 87 2405 ‘-‘
101 2355 151 2422 nis
164 2358 260 2450 rebus
274 2357 454 2449 investigari
467 2360 583 2428 debeat
595 2361 810 2427 intellectus.”

104 2464 347 2540 Pinianus.
391 2471 434 2533 Et
462 2468 559 2555 paulo
585 2480 660 2558 post
687 2469 752 2536 ait:
777 2469 983 2536 Onrcruss.
1019 2473 1042 2514 ‘⁴
1058 2465 1092 2532 Si

56 2579 88 2621 5‘
102 2572 157 2646 cui
170 2595 244 2649 vero
257 2574 293 2642 in
307 2575 537 2662 disceptatione
556 2577 752 2664 profundum
768 2577 890 2664 aliquid
905 2576 1091 2658 occurrerit,

52 2688 87 2748 .“
102 2681 146 2748 de
159 2682 223 2756 hoc
236 2684 405 2755 dicendum
422 2687 551 2773 quidem
567 2700 628 2767 est,
643 2687 699 2752 sed
717 2710 782 2752 non
803 2709 878 2752 curn
901 2687 991 2752 omni
1007 2686 1091 2753 affir-

56 2796 82 2840 5‘
97 2793 250 2863 motione.
292 2795 369 2858 Hoc
386 2794 471 2866 enirn
486 2808 543 2863 aut
563 2794 721 2866 temerarii
740 2795 880 2861 hominis
901 2792 960 2874 est,
974 2808 1008 2860 et
1020 2794 1091 2882 ejus

54 2906 85 2957 ,tf
101 2900 158 2989 qui
171 2922 301 2969 sensum
320 2903 469 2977 humane
491 2904 682 2975 infirmitatis
704 2904 888 2992 perdiderit,
907 2905 1093 2993 oblitusque

60 3017 88 3061 ‘⁶
101 3010 151 3077 sui
172 3012 232 3082 sits
255 3024 312 3081 aut
332 3028 419 3083 certe
438 3015 652 3100 perfectorum
678 3014 817 3081 virorum
840 3029 874 3082 et
899 3038 1012 3082 eorum
1035 3014 1094 3104 qui

57 3127 85 3176 tt
95 3122 296 3189 'confidenter
309 3145 344 3189 se
361 3124 463 3190 sciant
483 3126 524 3191 ab
544 3125 615 3211 ipso
628 3125 771 3190 Domino
786 3127 866 3191 Jesu
886 3125 1044 3207 didicisse,
1059 3125 1095 3200 id

55 3236 87 3300 .“
102 3245 164 3312 est,
186 3255 206 3297 a
226 3235 336 3300 Verbo
358 3234 507 3313 veritatis,
529 3248 563 3300 et
584 3236 625 3301 ab
645 3235 714 3322 ipsa
734 3236 897 3321 Sapientia
916 3259 974 3323 per
995 3258 1093 3324 quam

63 3343 212 3411 “-omuia
231 3343 316 3410 facta
337 3356 422 3424 sunt,
444 3345 630 3432 agnovisse:
654 3346 703 3411 vel
724 3367 836 3411 eorum
856 3344 911 3433 qui
926 3345 1031 3412 divina
1044 3367 1095 3412 ra-
1120 3366 1121 3373 ¹

56 3455 85 3505 ‚⁴5
99 3457 217 3537 sponsa
236 3452 383 3538 ingressi,
404 3454 564 3519 turbinem
587 3467 620 3519 et
641 3454 813 3540 caliginem
834 3455 891 3520 ubi
911 3456 1013 3520 Deus·
1022 3455 1092 3543 ipse

56 3563 163 3640 ‚“·est,
179 3560 314 3633 coelitus
328 3576 529 3650 acceperunt,
541 3565 572 3631 in
585 3565 673 3655 quod
687 3565 737 3631 vix
750 3564 805 3631 ille
819 3567 954 3654 Moyses
967 3567 1095 3654 ingrcs-

56 3674 157 3737 “sus
178 3669 228 3741 vel
249 3669 428 3758 intelligere
450 3673 525 3739 talia
547 3675 653 3760 potuit
671 3674 721 3738 vel
738 3676 892 3762 proferre.
934 3677 1007 3744 Nos
1019 3698 1094 3743 vero

55 3781 88 3838 .“
102 3797 161 3863 pro
184 3799 224 3843 eo
251 3779 321 3844 solo
347 3781 436 3868 quod
458 3781 661 3852 mediocriter
684 3783 771 3863 licet,
799 3784 958 3851 credimus
976 3798 1091 3866 ,tamen

61 3885 246 3960 “Domino
256 3889 346 3969 iesu,
361 3902 395 3958 et
409 3889 478 3977 ejus
490 3890 668 3978 gloriamur
685 3913 754 3959 esse
772 3891 919 3980 discipuli
927 3918 939 3974 ;
953 3917 1020 3960 nec
1040 3908 1092 3959 ta.

62 3997 347 4071 “menandemus
362 3999 468 4065 dicere
481 3999 572 4086 quod
586 4000 668 4071 facie
682 3999 723 4066 ad
742 4000 855 4067 faciem
877 4003 919 4071 ab
937 4003 1008 4089 ipso
1028 4016 1094 4067 tra·

60 4111 88 4165 5‘
102 4103 202 4180 ditm
222 4109 456 4196 susceperimus
477 4104 723 4198 intelligentiam
745 4134 869 4194 eorum,
891 4136 964 4200 quae
990 4112 1022 4179 in
1044 4111 1095 4187 di.

155 4302 158 4309 .
184 4251 284 4315 ssMSS,
292 4253 356 4326 pigri
367 4265 444 4317 errent,
455 4255 487 4314 al.
498 4254 589 4322 quidm
595 4266 622 4320 p.
633 4269 709 4309 estut.
720 4259 751 4310 al.
759 4271 787 4326 p.
798 4271 866 4312 errent
875 4259 967 4335 ingenii,

555 4363 577 4424 ll
594 4357 612 4427 ὅ
