2684 4740
215 300 279 388 „a
352 382 354 387 .
444 298 497 366 ..s
518 297 746 369 rausum
767 297 1004 374 Mnnwme

213 467 322 550 vestri,
343 469 493 536 omnium
516 469 574 558 qni
602 469 634 539 ei
658 471 841 540 obtrectant
866 471 1035 543 confutare
1060 471 1251 546 calmis&

214 578 479 670 Quoditanobis
493 580 644 669 prosequi
656 581 775 649 rectius
791 581 895 649 vnum
916 595 978 663 est,
996 595 1115 652 utnon
1130 584 1252 656 suuis

214 689 319 757 vorbis
332 702 366 756 et
377 691 608 757 assertionibus
620 691 841 759 defensionen
859 713 1024 780 paremus,
1043 691 1102 759 sed
1119 715 1160 759 ex
1179 692 1252 761 suls

211 799 350 888 propriis
371 800 516 881 vocibus,
539 800 657 890 quibus
680 784 750 888 ipss
770 800 875 869 aliens
895 801 958 870 sibi
978 801 1050 870 haec
1072 825 1153 883 esse,
1172 777 1274 890 qure'

212 908 268 975 isti
297 909 465 997 objiciunt,
494 910 625 997 proprio
651 931 801 977 sermone
827 923 978 991 testatur,
1004 910 1040 978 id
1062 923 1125 992 est,
1149 933 1252 978 omne

215 1017 369 1107 quicquid
393 1032 515 1106 prseter-
536 1017 632 1084 fidem
657 1018 861 1085 catholicam
887 1019 1097 1107 predicatur:
1119 1022 1200 1108 quis
1223 1023 1252 1091 si

214 1129 446 1195 maniaverbis
454 1129 525 1194 haec
533 1150 671 1195 asserere
680 1129 823 1209 velimus,
833 1129 1044 1216 suspiciosum
1056 1129 1155 1202 videri
1165 1131 1253 1202 fone

189 1315 196 1340 ἱ
213 1236 317 1324 possit
325 1261 335 1317 ς
357 1259 397 1302 eo
408 1237 496 1325 quod
513 1261 573 1303 nos
586 1259 696 1303 amore
709 1238 780 1326 ejus
794 1238 822 1304 si
835 1238 913 1326 quid
928 1238 997 1325 ipse
1008 1261 1103 1326 prave
1115 1239 1254 1311 senserit

214 1345 432 1411 celaverimus.
477 1347 545 1412 Ubi
559 1360 668 1413 sutem
690 1347 761 1435 ejus
779 1347 879 1434 ipsius
900 1348 957 1437 qui
974 1361 1145 1417 accusatur
1162 1348 1253 1413 voci·

214 1455 278 1525 bus
305 1457 437 1536 utimur,
460 1469 495 1522 et
513 1457 560 1527 ad
578 1480 691 1523 omnes
717 1458 918 1545 objectiones
937 1470 1161 1528 accusatorum
1184 1458 1253 1530 suis

214 1565 318 1633 serbis
330 1587 417 1649 eum,
431 1589 496 1633 non
509 1577 618 1633 nostra
634 1568 810 1634 assertione
828 1566 1031 1637 defendimus
1040 1591 1051 1646 ς
1073 1589 1147 1654 quae
1165 1566 1253 1638 ultre

213 1674 351 1764 relinqui
367 1688 476 1763 potest
494 1677 724 1742 criminationis
738 1676 878 1756 occasio,
893 1676 1007 1743 saltem
1029 1675 1080 1741 his
1095 1675 1174 1762 ipsis
1192 1675 1250 1763 qui

214 1808 282 1864 non
295 1787 360 1852 veri
372 1787 493 1868 studio,
506 1786 563 1852 sed
577 1788 664 1853 velut
679 1785 813 1852 libidine
828 1786 973 1873 ‚quadam
994 1786 1146 1872 culpandi
1165 1809 1253 1857 sem·

215 1916 273 1982 per
284 1895 470 1982 agitantur?
496 1899 539 1962 Et
554 1897 706 1984 quonism
721 1896 763 1963 de
776 1918 817 1964 eo
828 1919 914 1963 nunc
925 1918 1033 1965 sermo
1047 1909 1107 1976 est,
1117 1894 1173 1983 qui
1186 1896 1253 1969 uti-

213 2026 280 2092 que
293 2005 380 2091 apud
391 2004 539 2071 homines
552 2005 726 2073 defunctus
740 2020 802 2087 est,
810 2006 889 2094 quid
900 1997 989 2092 apud
998 2029 1112 2077 omnes
1121 2006 1252 2094 judices

213 2135 275 2202 pro
288 2113 441 2181 &functo
455 2115 572 2181 fortius
590 2130 625 2183 et
646 2116 768 2184 firmius
782 2117 884 2183 valere
904 2117 1014 2197 debet,
1034 2139 1132 2204 quam
1147 2131 1183 2187 et
1197 2117 1251 2189 lit-

212 2241 293 2299 tora
305 2228 473 2316 asscripta
484 2229 654 2294 defuncti?
886 2231 893 2243 “

257 2339 451 2425 incipientes
463 2338 564 2426 igitur
578 2336 702 2403 indiciis
715 2337 908 2424 scriptorum
925 2358 1059 2402 suorum
1081 2334 1252 2403 ostendere

215 2448 294 2537 quid
308 2448 349 2512 de
363 2449 499 2536 singulis
512 2449 657 2528 senserit,
670 2470 710 2513 ex
723 2448 775 2514 his
789 2448 951 2534 praeoipue
964 2447 1054 2512 libris
1062 2447 1251 2513 testimonia

212 2559 498 2645 congregabimus,
512 2562 596 2647 quos
610 2571 811 2625 accusatores
825 2557 896 2646 ejus
911 2579 1007 2644 quam
1029 2557 1168 2625 maxime
1188 2559 1251 2623 cri·

215 2667 388 2748 minantur,
404 2669 508 2749 idest,
523 2692 605 2757 quos
620 2691 677 2755 per
692 2669 832 2755 spatium
854 2683 888 2733 et
908 2667 1051 2755 quietern
1071 2668 1106 2736 in
1127 2681 1250 2735 secreto

209 2778 415 2864 conscripsit,
428 2778 489 2842 hos
500 2777 585 2842 enim
600 2791 747 2844 asserunt
758 2777 898 2842 maxime
911 2799 932 2842 a
941 2777 1171 2863 praedicatione
1183 2779 1251 2845 Ec·

209 2886 393 2952 clesiastica
415 2886 613 2973 discrepare:
639 2910 678 2953 ex
702 2888 753 2952 his
777 2887 940 2975 praecipue
963 2887 1053 2951 libris
1079 2909 1161 2974 quos
1188 2889 1249 2974 περὶ

209 2997 313 3083 ἆρχῶν
328 2995 509 3075 attitulavit,
523 2996 557 3060 in
576 2996 694 3082 quibus
715 2996 954 3083 quamplurima
974 2995 1250 3065 acalumniatori·

211 3104 278 3170 :bns
297 3103 495 3169 incusantur.
540 3107 578 3169 In
600 3104 650 3170 his
672 3128 752 3192 ergo
776 3107 853 3192 ipsis
871 3106 962 3172 'inter
984 3106 1142 3192 principis
1163 3105 1252 3194 quali

210 3209 415 3298 montione
428 3209 503 3275 fidei
523 3233 601 3278 usus
622 3213 664 3278 sit
686 3215 901 3300 proferemus:
924 3226 995 3280 tum
1018 3212 1135 3280 deinde
1158 3226 1192 3281 st
1211 3235 1251 3278 ex

209 3319 266 3386 nis
280 3326 354 3407 quae
366 3319 500 3406 sparsim
515 3321 563 3385 rel
577 3341 635 3406 per
647 3321 735 3406 ipsos
746 3321 857 3401 libros,
869 3321 919 3386 vel
931 3314 1065 3387 caeteros
1077 3322 1188 3401 sensit,
1199 3343 1251 3387 as·

208 3426 415 3513 signabimus
435 3449 509 3493 eum
529 3427 790 3514 pradicationem
809 3428 1037 3515 Apostolicarn
1059 3427 1251 3503 custodisse.

213 3538 363 3622 Estergo
376 3536 473 3603 lectio
488 3560 528 3602 es
546 3538 651 3625 primo
671 3538 756 3603 libro
775 3539 836 3622 περὶ
853 3539 963 3626 ἀρχῶν,
982 3559 1080 3626 quam
1098 3537 1250 3625 promisi«

211 3667 300 3725 sune,
316 3644 396 3710 haec.

628 3815 781 3882 CAPUT
803 3819 831 3882 Ι.

393 3948 564 4037 Catalogus,
578 3949 809 4016 Ecclesiaste
821 3949 1066 4035 praedicationis.
1095 4013 1100 4022 ,
1235 4011 1241 4021 .

253 4086 473 4151 -Onncsuss
497 4084 637 4166 (Praefat.
647 4083 776 4151 Libror.
785 4085 845 4171 περὶ
858 4085 958 4172 ἀρχῶν
973 4106 1063 4156 num.
1074 4098 1105 4151 2.
1116 4096 1150 4152 et
1164 4086 1247 4182 seq.)

216 4195 302 4274 Sicut
317 4193 526 4261 enim—<m
540 4192 677 4266 innatus.
