2684 4740
143 294 209 383 με
392 296 429 361 s.
446 296 673 363 vaurum
694 294 933 362 uanrrms

147 487 215 532 non
240 465 467 533 dubitaverunt
491 467 683 533 concinnare
711 467 915 554 figmentum,
942 485 1013 553 qno
1044 463 1187 533 dicerem

148 574 226 663 quia
237 597 357 663 corpus
370 578 420 642 vel
433 598 562 643 carnem
575 577 699 643 Christi
712 599 814 664 usque
826 577 870 640 ad
882 575 986 641 solem
1000 574 1087 640 dicit
1099 596 1188 643 erec*

148 698 229 765 nm,
241 700 276 750 et
288 686 335 752 ibi
347 707 419 751 esse
432 686 629 752 derelictam.

192 795 270 861 Hoc
288 796 377 861 enim
394 796 451 861 ille
470 796 514 859 ab
533 796 605 860 aliis
626 795 764 876 dictum,
784 818 849 861 non
866 809 955 861 recte
971 794 1102 861 dictum
1121 810 1187 860 esse·

148 906 308 974 confutat.
350 907 417 972 Sed
433 906 642 972 ostenderunt
661 929 696 972 se
716 929 757 971 ne
775 907 848 971 baec
860 905 992 993 quidem
1007 904 1187 993 intelligere

147 1015 294 1102 puniisse
317 1017 550 1082 obtrectatores
572 1015 643 1104 ejus
668 1039 742 1104 quae
764 1016 819 1081 ille
841 1017 885 1080 ab
906 1015 979 1081 aliis
1007 1037 1076 1079 non
1104 1027 1187 1081 recte

147 1123 237 1190 dicta
257 1125 420 1212 coarguit,
441 1138 475 1189 et
498 1148 572 1212 quae
595 1138 671 1190 sunt
693 1148 767 1213 quae
788 1125 858 1212 ipse
876 1125 1060 1193 coufirmat.
1105 1125 1185 1189 Tum

148 1230 266 1297 deinde
279 1232 377 1297 etlam
392 1231 439 1297 illi
454 1230 684 1318 impudentiam
700 1255 792 1296 suam
806 1231 990 1308 retundant,
1002 1232 1062 1319 qui
1076 1232 1186 1301 dicunt

27 1384 31 1391 ·
146 1363 224 1409 eum
244 1365 363 1428 corpus
383 1343 513 1430 quidem
535 1365 702 1431 resurgere
722 1344 878 1421 confiteri,
891 1365 1022 1408 carnem
1037 1366 1116 1409 vero
1130 1364 1183 1409 ne·

144 1472 235 1539 gare.
270 1451 429 1518 Desinant
442 1452 616 1543 aliquando
630 1477 651 1518 s
664 1453 854 1532 maledictis,
868 1452 1012 1517 videntes
1025 1474 1105 1517 eum
1120 1473 1185 1517 ear·

147 1582 222 1624 nem
240 1560 343 1624 Verbi
363 1559 427 1625 Dei
448 1582 522 1625 cum
543 1561 614 1647 ipso
630 1561 741 1628 Verbo
760 1562 835 1626 Deo
851 1560 886 1625 in
904 1559 1004 1640 coelo,
1019 1581 1090 1647 quo
1104 1561 1184 1625 Ver,

144 1669 225 1735 bum
240 1669 394 1766 ascendit.
408 1671 584 1756 imponere.

190 1782 253 1846 His
275 1779 446 1867 conjungit
465 1780 507 1844 de
525 1779 690 1868 suppliciis
708 1793 926 1866 peccatomm,
940 1803 1016 1867 quae
1032 1802 1094 1845 nos
1107 1801 1184 1868 quoe

147 1911 212 1976 que
225 1900 458 1976 consequenter
476 1886 517 1952 ad
538 1910 577 1951 ea
599 1910 672 1973 quae
692 1909 787 1973 supra
805 1887 893 1952 dicta
909 1900 996 1966 sunt,
1012 1887 1183 1975 conjungi·

6 1995 10 2003 ’
146 2020 232 2077 mus,
255 1997 407 2084 quoniam
429 1997 462 2062 in
485 1997 597 2063 ordine
618 1996 876 2063 criminationum
896 1997 956 2061 iste
975 1997 1083 2063 fuerat
1105 1997 1182 2069 ordo

35 4414 121 4440 Α

143 2106 302 2203 digestus,

257 2273 372 2359 ,Astera
385 2275 550 2377 responsio
565 2274 605 2339 ad
619 2276 788 2362 septimam
803 2273 1071 2352 criminationem,
1168 2266 1173 2272 ⁵

528 2394 681 2459 CAPUT
710 2395 806 2459 VIII.

473 2515 524 2584 De
532 2514 636 2599 poenis
645 2522 850 2599 peccatorum.

253 2653 304 2714 Ex
315 2649 400 2713 libro
416 2647 558 2721 seeundo
572 2648 640 2734 περὶ
655 2651 763 2732 ἀρχῶν.
778 2650 861 2731 (cap.
874 2668 906 2709 x.
922 2667 1013 2711 num.
1024 2648 1071 2730 4.)

187 2768 403 2833 0n1cstsES.
432 2768 506 2855 Ego
520 2764 921 2829 arbitror--Christum.

188 2877 431 2941 Passennus.
460 2875 524 2940 Sed
542 2889 578 2941 et
597 2875 630 2938 in
651 2875 857 2962 sequentibus
871 2896 997 2939 rursum
1012 2874 1054 2948 de
1067 2892 1180 2962 pecca,

143 2997 252 3051 torum
267 2985 370 3071 poenis
385 2983 447 3047 hoc
462 2982 561 3047 modo
576 2983 696 3048 scribit.

187 3091 403 3156 Onrosuss.
432 3088 545 3152 Malta
560 3090 948 3174 sunt-perdiderunt?

187 3202 431 3274 Passennus.
461 3199 545 3261 Item
558 3210 632 3284 post
646 3219 749 3284 pauca
763 3198 888 3264 addidit
901 3200 1000 3265 etiam
1015 3199 1100 3266 haec.

184 3307 401 3383 Ontosuns.
437 3305 770 3393 Quoniam—duda.

186 3421 429 3485 Passennus.
457 3418 540 3497 Haec
552 3415 685 3502 quidem
701 3437 741 3480 ex
753 3415 842 3481 libris
857 3418 925 3504 aspi
939 3422 1048 3504 ἀρχῶν,

186 3527 437 3609 innumerabilia
451 3549 524 3605 ‚vero
539 3525 680 3613 dispersa
702 3540 777 3590 sunt
795 3549 852 3612 per
874 3549 986 3592 omnes
998 3528 1099 3595 libros
1113 3530 1182 3617 ejus

142 3637 325 3709 assertionis
352 3635 451 3723 hujus
478 3634 672 3713 testimonia,
700 3657 773 3722 quae
799 3658 857 3700 nos
884 3637 992 3701 studio
1019 3639 1181 3707 brevitatis

143 3745 337 3826 omittimus,
360 3756 649 3808 commemorantes
676 3743 717 3808 de
738 3744 789 3808 his
811 3746 1028 3827 solummodo,
1051 3772 1126 3836 quae
1150 3751 1182 3816 in

143 3870 236 3935 sexto
253 3853 379 3935 Psalmo
394 3853 435 3917 de
450 3852 512 3916 hoc
527 3853 598 3938 ipso
613 3875 779 3939 poenarum
795 3877 915 3940 genere
928 3857 1113 3942 disputavit.

187 3965 403 4028 ornasses.
430 3959 580 4025 Possilile
593 3971 889 4027 est--tormento.

188 4077 428 4138 Psnrmnus.
458 4070 609 4151 Sufficere
622 4070 760 4136 arbitror
778 4072 874 4137 etiam
896 4075 937 4138 ad
959 4073 1057 4163 hujus
1073 4077 1182 4154 crimi-

144 4185 281 4264 ΰὸῑὶῡΰὶὓ
296 4180 491 4264 calumniam
510 4179 761 4268 propulsandam
781 4202 885 4268 pauca
904 4182 975 4265 haec
994 4185 1035 4268 de
1055 4187 1127 4273 ejus
1141 4187 1180 4255 li.
