2684 4740
675 249 693 352 r
743 252 769 324 a
819 250 838 356 ]

233 428 310 502 fore
325 428 579 528 imperfectum
596 447 694 508 ratus
708 464 805 528 sum,
816 438 915 534 quod
928 449 1147 512 vetustatem
1160 439 1282 511 Ante-

234 550 428 625 Nicaenam
468 558 632 630 nondum
655 562 849 660 separatim
878 561 1016 635 editam
1043 590 1120 660 prae
1148 591 1186 634 se
1207 563 1281 634 fert

233 675 273 750 in
300 689 441 750 arctum
467 681 649 780 colligere,
681 685 751 757 nisi
776 685 804 758 si
834 686 903 757 alia
928 685 1097 781 quaedam
1127 688 1279 783 scripta,

233 800 347 901 digna
368 806 521 878 omnino
547 834 631 910 quae
659 811 840 908 legantur,
869 812 1113 909 superioribus
1142 812 1279 908 adjice-

232 942 370 1002 rentur.
419 933 585 1028 Hujusce
607 937 832 1035 Appendicis
852 962 935 1034 pars
958 938 1058 1036 prior
1080 938 1150 1009 tria
1172 950 1277 1010 tenet

231 1052 398 1126 Concilia
423 1071 508 1128 ante
534 1059 718 1156 synodum
745 1061 938 1133 Nicaenam
967 1061 1064 1158 apud
1091 1059 1278 1132 Occiden-

229 1187 304 1248 tem
336 1180 527 1271 celebrata‚
551 1209 724 1280 germana
752 1184 814 1255 illa
839 1184 1001 1279 quidem,
1028 1170 1093 1255 sed
1113 1209 1272 1279 quorum

228 1300 366 1373 interca
383 1329 541 1376 canones
565 1305 603 1377 in
628 1306 771 1378 nullum
790 1305 952 1378 codicem
972 1307 1130 1404 publicae
1148 1317 1277 1376 aucto·

226 1423 344 1497 ritatis
371 1427 474 1500 relati
499 1442 597 1518 sunt,
624 1429 757 1501 additis
784 1429 1002 1525 quibusdam
1032 1429 1135 1501 Actis
1161 1433 1274 1524 atque

224 1545 404 1646 Epistolis
431 1552 476 1624 ad
502 1555 700 1652 posteriora
727 1555 856 1626 horum
880 1550 1131 1625 Conciliorum
1157 1551 1277 1649 perti-2

223 1674 423 1759 nantibus3
454 1676 493 1748 in
516 1677 626 1756 altera
650 1703 736 1749 vero
756 1693 859 1775 parte
878 1690 1007 1750 extant
1022 1677 1208 1774 Apologia
1226 1675 1270 1747 S.

223 1796 410 1895 Pamphili
427 1815 501 1896 'pro
534 1799 705 1897 Origene,
730 1808 769 1872 et
789 1800 968 1873 Archelai
995 1827 1073 1871 cum
1102 1799 1269 1884 Moneta,

221 1943 286 1998 seu
304 1921 527 2010 Manichae02
547 1925 773 2023 Disputatio.
1155 1905 1160 1915 .
1207 1921 1210 1928 ’

245 2043 450 2131 'Utenim
475 2047 818 2144 quidpiam'horum
837 2073 987 2144 operum
1013 2047 1171 2145 origines
1195 2043 1269 2118 mi-

219 2194 290 2242 nus
308 2172 618 2259 testatashabeat‚
637 2171 761 2244 omnia
779 2184 902 2244 tamen
920 2173 1040 2243 veram
1061 2197 1102 2242 ac
1120 2194 1266 2267 germa-

219 2319 303 2368 nam
327 2293 489 2381 redolere
516 2294 787 2388 antiquitatem,
806 2294 904 2365 salvo
927 2295 1141 2391 peritiorum
1162 2289 1269 2387 judi-¹

217 2415 468 2507 cio,di'xeri1n·
497 2416 642 2500 Quibus
661 2416 762 2488 libris
781 2418 820 2489 in
838 2417 1005 2489 ordinem
1021 2444 1129 2488 suurn
1144 2416 1266 2513 diges-

217 2540 400 2631 tis-,mint
418 2554 593 2637 tanquam
620 2540 717 2615 circa
740 2539 981 2638 appendicem
1009 2544 1159 2611 tantum
1178 2564 1265 2635 ope-

217 2663 265 2739 ris
291 2675 444 2751 versato,
467 2664 553 2741 satis
581 2665 800 2758 plerumque
827 2663 909 2750 fuit,
933 2688 994 2732 eos
1019 2663 1064 2732 ad
1091 2662 1263 2759 optimaS,

216 2797 397 2882 quantum
423 2784 539 2882 potui,
566 2762 745 2855 editiones
772 2795 940 2858 accurate
965 2783 1192 2880 exprimere3
1221 2791 1262 2853 ut

216 2908 330 2985 nolim
349 2909 496 3006 culpam
515 2933 678 2979 errorum
702 2906 896 3002 suscipere,
916 2906 986 2982 nisi
1005 2907 1143 3002 aliquid
1161 2933 1182 2978 a
1201 2933 1261 2980 me

214 3031 336 3126 fuerit,
355 3031 445 3104 dum
469 3031 610 3129 prelum
629 3029 883 3116 exercebatur,
901 3029 956 3099 vel
981 3055 1169 3128 perperam
1193 3027 1260 3098 ad-

216 3152 413 3242 monitum,
426 3153 481 3224 vel
500 3152 708 3246 conjectura
725 3149 860 3225 frustra
877 3151 1128 3227 immutatum.
1160 3149 1262 3225 Cone

214 3274 340 3374 cilium
360 3275 499 3355 interea
512 3274 692 3362 Cirtense,
704 3285 831 3371 utpote
846 3273 945 3373 quod
959 3286 1159 3349 conventus
1176 3271 1259 3358 fuit,

214 3396 243 3470 si
264 3398 427 3475 nondum
446 3397 778 3487 ¹schismaticorum,
796 3409 949 3479 atcerte
967 3398 1174 3482 hominum,
1193 3392 1257 3488 qui

212 3519 260 3617 in
268 3520 465 3620 gentilium
484 3546 614 3613 manus
637 3520 794 3608 Divinas
813 3521 1019 3618 Scripturas
1037 3518 1256 3589 comburen-

213 3643 276 3723 das
306 3643 545 3732 tradiderant,
578 3643 665 3719 hinc
695 3643 846 3727 exclusi,
878 3667 924 3716 ne
955 3641 1048 3717 mira
1080 3638 1161 3726 ista,
1192 3662 1264 3719 nes

212 3767 287 3840 scio
320 3793 366 3838 an
396 3792 582 3864 germana,
611 3778 691 3837 acta
718 3764 907 3859 catholicis
931 3763 1188 3860 jungerentur,
1218 3772 1266 3834 et,

199 3891 270 3992 fel
281 3919 363 3966 ,cam
378 3893 492 3981 melle,
511 3903 553 3963 ut
568 3889 699 3962 veteris
717 3889 887 3978 auctoris,
905 3915 1014 3985 quern
1033 3888 1110 3961 dixi
1133 3887 1253 3974 initio,

208 4015 329 4088 verbis
352 4026 446 4102 utar,
463 4014 682 4086 maceretur.
733 4014 849 4110 Atqui
876 4015 973 4089 idem
1000 4043 1069 4114 ego
1090 4014 1254 4085 Alexan-

209 4137 317 4222 drum
340 4136 635 4215 Alexandrinum
660 4136 889 4241 episcopum,
911 4153 996 4213 cu'm
1021 4138 1076 4214 vir
1097 4134 1169 4212 fuit
1194 4160 1255 4211 ee·
