2684 4740
228 298 292 387 ²9⁶
474 292 1017 367 emmerammenses

226 488 365 556 operam
379 467 525 535 dederint
534 495 546 552 3
567 480 624 536 aut
637 471 665 536 si
678 469 831 537 acciderit
848 482 887 536 ut
905 462 1004 535 etiam
1026 463 1178 555 legerint,
1201 488 1273 535 non

223 577 388 644 'confinuo
407 579 506 645 etiam
527 593 627 646 tantre
647 579 836 645 eruditionis
853 580 985 659 fuerint,
1005 589 1043 644 ut
1063 576 1272 644 altitudinem

224 698 346 754 isensus
370 686 440 777 ejus
468 689 595 778 assequi
619 689 786 777 quiverint,
813 711 879 775 quo
904 711 944 754 ea
967 710 1041 777 quae
1066 687 1121 752 ille
1141 687 1273 753 diverso

229 809 406 884 prospectu
418 820 479 885 pro
493 798 574 864 locis
589 811 624 865 et
636 800 742 864 causis
757 798 911 864 disserere
925 798 1021 879 solet,
1035 797 1202 863 advertere
1212 818 1272 863 rs·

227 903 358 971 luerint.
403 907 530 971 Multos
545 907 684 972 invenias
698 929 780 995 quos
796 908 823 973 si
835 908 1015 995 interroges
1028 907 1062 971 in
1081 907 1203 995 quibus
1224 904 1271 972 li·

224 1013 308 1093 bris,
322 1014 426 1081 autin
441 1016 559 1103 quibus
573 1015 654 1082 locis
669 1016 834 1083 dictasint
847 1016 1001 1104 baeoquae
1016 1030 1169 1103 arguunt,
1184 1035 1270 1080 oon·

228 1121 358 1195 fitentur
372 1146 407 1190 se
422 1126 553 1212 quidem
569 1127 690 1192 nescire
703 1147 743 1191 ea
755 1125 796 1192 de
811 1126 930 1214 quibus
944 1125 1115 1203 affirmant,
1136 1145 1198 1189 noc
1217 1123 1271 1190 le·

216 1232 316 1320 gisse
337 1256 492 1321 unquam,
521 1235 647 1301 audisse
672 1248 781 1301 sutem
810 1235 892 1301 alios
919 1235 1074 1300 dicentes.
1119 1237 1170 1300 Ex
1198 1256 1269 1323 quo

224 1342 325 1408 cuivis
346 1343 443 1429 plena
468 1344 594 1409 ridiculi
616 1345 774 1409 sententis
793 1366 908 1410 eorum
930 1344 1100 1423 videbitur,
1121 1364 1202 1408 cum
1224 1344 1269 1410 de

224 1450 278 1517 bis
287 1451 436 1540 judicant
449 1467 547 1541 atque
566 1476 606 1519 ea
621 1454 850 1534 condemnant,
871 1476 944 1541 quae
966 1475 1026 1520 nec
1046 1452 1170 1518 discere
1192 1451 1269 1542 qui·

224 1561 301 1628 dem
320 1564 410 1650 prius
428 1586 466 1629 ac
481 1586 574 1630 nosse
588 1576 774 1650 potuerunt.
819 1565 859 1629 lu
872 1562 953 1628 alios
968 1584 1042 1627 vero
1058 1561 1267 1628 novi-furoris

226 1671 362 1737 morbus
375 1684 410 1737 et
423 1671 584 1738 inauditae'
589 1674 679 1738 labes
693 1672 822 1738 incessit
836 1671 979 1752 insanie,
989 1692 1065 1736 curn
1080 1686 1147 1737 tam
1159 1671 1268 1737 mults

159 1801 162 1805 ’
224 1785 297 1873 ejus
312 1785 476 1852 volumina
490 1787 605 1851 referta
618 1785 717 1851 totius
739 1783 887 1849 utilitatis
908 1797 943 1850 et
963 1782 1184 1849 instructionis
1207 1782 1266 1849 hs·

223 1895 372 1973 beantur,
387 1908 421 1960 et
436 1896 513 1962 satis
526 1917 597 1961 rara
611 1906 645 1959 et
658 1915 818 1981 perpauca
830 1891 915 1958 forte
929 1893 1002 1958 loca
1014 1893 1089 1971 sint,
1100 1893 1135 1957 in
1145 1888 1266 1980 quibus

223 1993 275 2068 'vel
288 2003 502 2090 imperitiores
522 2005 653 2093 quiquo,
673 2004 733 2085 vel,
754 2004 843 2091 quod
863 2004 985 2084 verius,
995 2003 1144 2069 malevoli
1167 2025 1265 2090 pom

162 2123 165 2131 '
224 2111 288 2179 sibi
302 2111 469 2179 rideantur
483 2114 622 2180 offendis
645 2113 755 2179 omnia
768 2113 900 2202 quidem
924 2113 980 2178 illa
999 2136 1073 2200 qum
1091 2129 1127 2178 et
1145 2112 1264 2180 catho-

219 2221 301 2302 lica,
320 2235 354 2288 et
376 2222 418 2288 ad
441 2222 683 2288 aedificationem
710 2223 838 2301 anima,
860 2235 958 2310 atque
977 2222 1019 2288 sd
1045 2223 1190 2288 scientiae
1213 2224 1264 2290 in·

224 2332 438 2397 structionem
459 2331 556 2408 etiam
578 2332 638 2418 ipsi
660 2342 735 2418 apta
755 2333 907 2411 fatentur,
929 2333 1084 2398 omittunt
1103 2347 1139 2398 et
1151 2332 1263 2421 ‘negli-

225 2453 331 2529 gunt3
352 2464 412 2522 nec
424 2442 545 2529 aliquid
559 2441 633 2521 inde
645 2442 731 2521 unde
745 2454 880 2528 possunt
889 2455 923 2507 et
934 2426 1053 2507 debent
1067 2441 1260 2528 iprensem

224 2571 265 2616 ea
278 2573 352 2617 vero
367 2554 436 2618 sola
450 2537 522 2639 quae
537 2553 579 2618 ad
592 2553 788 2618 calumniam
802 2552 983 2640 proficiant,
1004 2575 1135 2618 summo
1154 2553 1264 2619 studio

218 2653 394 2727 ¹ediscunt:
417 2674 454 2726 ut
464 2663 520 2748 qui
535 2662 612 2728 boni
626 2661 705 2726 nihil
724 2684 867 2750 unquam
882 2663 966 2727 forte
986 2661 1179 2742 didicerunt,
1194 2662 1263 2728 baec

216 2787 301 2857 lquae
316 2770 384 2856 'ipsi
406 2793 471 2835 non
494 2792 563 2834 esse
585 2771 671 2836 bona
693 2770 817 2849 dicunt,
837 2772 1169 2858 apprime-memorie
1185 2770 1264 2839 reti·

225 2878 332 2943 nenda
354 2879 601 2944 commendent:
624 2902 691 2967 quo
715 2880 862 2946 videlicet
885 2881 1067 2968 promptius
1091 2904 1131 2948 ea
1152 2881 1264 2969 proie-

225 2998 346 3064 rentes,
360 2986 562 3052 exercitatius
576 2987 701 3052 valeant
720 2989 911 3064 concinnare
931 2991 1119 3056 calumnias.
1151 2989 1265 3056 'Aliud

224 3116 358 3182 quoque
372 3108 423 3158 est
436 3115 539 3180 genus
555 3095 722 3172 hominum
738 3098 863 3164 foedum
884 3121 960 3165 sane
978 3112 1012 3164 et
1031 3111 1139 3186 turpe,
1160 3121 1264 3186 quan-

218 3217 299 3272 ¹tum
320 3203 362 3269 ad
384 3204 576 3290 probitatem
598 3206 736 3291 pertinet
758 3229 898 3288 morum,
922 3209 980 3274 sed
1003 3209 1045 3274 ad
1064 3208 1264 3274 calumnian-

220 3315 304 3381 dum
321 3313 539 3390 vehementius
561 3326 595 3379 et
616 3315 729 3380 tetrius
749 3316 791 3382 ad
816 3317 1041 3398 incusandum,
1058 3340 1143 3407 quos
1157 3318 1265 3384 Greci

225 3429 430 3515 φαγολοιδόρυς-
446 3429 666 3514 appellarunt:
689 3429 745 3516 qui
769 3453 932 3496 summum
951 3430 1083 3517 quidem
1103 3429 1264 3512 studium,

225 3537 283 3604 sed
298 3550 332 3604 et
345 3538 422 3603 setis
435 3520 592 3602 inteniam
606 3559 736 3622 operam
750 3537 840 3603 libris
854 3539 925 3626 ejus
939 3538 1106 3617 dederunt,
1118 3538 1165 3604 ita
1178 3551 1265 3606 utet

216 3647 386 3734 magistro.
398 3668 438 3711 eo
452 3645 485 3710 in
500 3645 650 3722 omnibus
664 3659 840 3727 uterentur,
853 3661 888 3714 et
907 3669 942 3713 se
962 3647 993 3728 ei
1013 3660 1167 3735 tanquam
1177 3685 1180 3691 ·
1190 3669 1264 3736 spe-

227 3758 324 3825 ciales
339 3758 512 3844 discipulos
524 3758 763 3844 manciparent3
786 3760 843 3826 sed
858 3761 914 3827 ubi
934 3761 976 3827 ad
995 3761 1030 3826 id
1047 3757 1265 3846 loci-ventum

213 3881 288 3951 ⁴est,
307 3881 345 3934 ut
360 3869 431 3956 jam
453 3891 488 3934 se
509 3870 681 3956 magistros
702 3870 817 3936 malint
838 3894 935 3957 quam
961 3871 1138 3958 discipulos
1157 3867 1265 3937 nomi·

214 3979 306 4058 nari,
321 3978 378 4044 ubi
392 3978 544 4043 auditoris
560 3977 692 4064 plausus
705 3979 820 4061 sectari
839 3991 965 4066 coeptus
983 3990 1044 4060 est,
1062 3978 1111 4044 ibi
1131 3977 1160 4046 si
1179 3979 1265 4072 forte

227 4091 344 4186 pliq'uis
365 4089 562 4159 audientium
584 4111 656 4176 quae
676 4089 846 4155 laudantur
866 4090 1018 4177 Origenis
1039 4109 1110 4160 esse
1128 4091 1266 4180 obmiti-r

289 4201 293 4207 ⁴
324 4191 327 4196 ,
529 4215 963 4292 {MSSorbon-profiemsuunsuur,
1059 4214 1062 4218 ’
1176 4242 1180 4249 -
